4317 5784
1887 751 1918 775 rt

161 538 237 819 j
395 402 1836 815 rrPOGRAPHUr'

587 944 1918 1224 L.-e.er0tr1..4f
2027 1042 2033 1054 x

289 2252 297 2402 ιζ
346 2233 396 2298 '⁴
424 2265 463 2334 ³7
582 2258 884 2367 LURIMA
938 2246 1052 2367 sunt
1108 2256 1173 2367 ad
1225 2255 1487 2367 Moralem
1533 2256 1910 2397 Theologiatn‚

271 2463 332 2616 ᾗ
479 2437 542 2634 Q
603 2461 763 2578 atque
809 2440 875 2545 ad
908 2438 997 2574 Jus
1031 2436 1359 2545 canonicum
1408 2434 1751 2575 pertinentia,
1796 2472 1911 2576 quae

270 2608 361 2752 λι,
414 2735 449 2738 ἦέ
505 2602 534 2722 i
602 2613 913 2723 Benedictus
949 2612 1105 2723 xlv.
1158 2612 1458 2721 immortalis
1492 2613 1746 2719 memotiae
1782 2614 1911 2721 Porr-

252 2718 554 2876 ΚΕΗ
603 2790 741 2901 tifex
790 2792 845 2898 iit
893 2788 1135 2927 operibus
1181 2784 1278 2897 suis
1325 2820 1446 2895 vere
1492 2786 1660 2897 aureis
1710 2784 1908 2925 sparfim

237 2963 964 3100 disseminaverat,·quaeque
1011 2962 1255 3072 Scientiae
1303 2964 1527 3073 Moralis
1578 2964 1821 3075 studiosos
1868 2972 1915 3075 i·‘

239 3172 460 3279 gnorare
507 3140 739 3249 omnino·
769 3138 1023 3247 dedecet.
1091 3140 1192 3245 Sed
1237 3172 1359 3247 cum
1403 3174 1506 3251 nott
1541 3174 1719 3253 omnes
1766 3136 1908 3255 varia

239 3321 380 3429 illius
432 3350 591 3459 opera
640 3320 842 3456 integra
893 3316 978 3427 vel
1020 3326 1194 3423 emere
1221 3396 1242 3454 ,
1304 3317 1390 3421 vel
1447 3320 1620 3455 legere
1673 3318 1906 3453 pertint,

238 3514 531 3635 opportune
576 3497 631 3607 in
666 3518 892 3613 mentem
926 3494 1071 3604 venit
1106 3493 1160 3599 P.
1193 3492 1383 3630 Joantri
1417 3490 1708 3603 Dominico
1741 3494 1906 3600 Manfi

237 3673 337 3807 jam
392 3673 830 3811 congregationis
881 3668 1069 3814 Matris
1118 3672 1261 3803 Dei,
1314 3703 1451 3779 nunc
1500 3667 1907 3807 Archiepiscopo

234 3847 451 3958 Lucenst
502 3848 618 3957 viro
663 3847 984 3987 dorfiiffimo³
1035 3852 1094 3955 &
1139 3867 1244 3957 non
1296 3846 1456 3955 sotum
1508 3846 1559 3953 in
1609 3845 1764 3953 Italia
1816 3878 1905 3954 no-

234 4023 379 4159 stra,
446 4053 627 4135 verum
675 4030 835 4132 etiam
888 4026 942 4131 in
991 4026 1282 4136 toto-orbe
1333 4023 1590 4133 litterario
1638 4024 1908 4133 eruditiffi-

233 4200 328 4310 mis
381 4199 523 4311 libris
571 4200 669 4309 suis
712 4202 1087 4343 celeberrimo,
1138 4205 1417 4339 Epitomen
1465 4200 1738 4335 quamdam
1773 4234 1898 4311 corr-

223 4378 385 4484 ficere
435 4378 597 4486 totius
642 4375 912 4481 Dortrinae
957 4380 1174 4486 Moralis
1222 4382 1280 4485 &
1314 4376 1595 4485 canonica
1644 4411 1714 4487 ex
1757 4377 1894 4518 iliius

228 4552 493 4662 Pontificis
541 4550 782 4691 operibus
830 4572 1138 4691 excerptae.
1207 4554 1342 4661 Cum
1392 4532 1548 4692 igitur
1609 4557 1752 4663 nobis
1801 4586 1893 4661 ex·

229 4732 490 4869 ploratum
524 4728 607 4847 fit,
642 4751 895 4868 quantum
930 4731 1015 4841 hic
1046 4730 1365 4841 eruditissimi
1401 4730 1497 4839 viti
1533 4734 1679 4841 labor
1713 4732 1892 4842 Theo-

231 4909 362 5043 logis
394 4906 635 5018 omnibus
665 4908 910 5047 probatus
941 4910 1035 5045 stt,
1087 4942 1193 5018 rem
1249 4908 1309 5021 iis
1358 4929 1647 5047 pergratam
1692 4940 1783 5017 nos
1816 4908 1890 5018 fa·

232 5082 413 5195 ituros
461 5084 564 5195 effe
610 5083 1052 5222 existimavimus,
1103 5090 1136 5195 fi
1195 5088 1334 5197 illam
1393 5117 1533 5194 nunc
1580 5088 1788 5197 demum
1840 5090 1904 5195 ab

287 5263 295 5275 '
372 5262 386 5286 '
1719 5250 1851 5339 eodem

1848 316 2108 421 φ’.
