4317 5784
264 413 365 492 Laym.
385 429 411 475 t.
431 432 459 490 7.
478 413 511 476 in
528 416 578 487 fia.
599 416 629 474 dt·
647 412 753 476 Santi.
775 417 797 476 l.
820 433 864 476 ιο.
884 413 924 474 l).
938 432 983 471 ιο.
1003 433 1031 474 n.
1045 431 1072 486 7.

263 507 327 548 cum
347 491 430 550 Bort.
450 488 561 550 Parui.
580 489 654 560 Hr'ss.
674 489 756 564 Sylv.
777 488 867 549 Henr.
883 489 954 548 Gur.
968 492 1023 545 (uc.
1038 505 1073 544 ex

266 568 333 626 ead.
353 564 554 634 Aailenei'ca,
584 565 633 622 tibi
656 565 786 638 iegitur3
814 563 851 622 Si
867 583 935 622 uero
953 579 1073 630 conire,

267 655 336 698 tunc
355 641 436 714 apud
454 637 594 706 Patrem,
615 637 733 696 Matris
751 638 906 712 locupletis
924 636 1073 709 experiis;

266 713 319 784 nist
338 711 429 770 Peter
447 713 544 770 minas
570 714 690 769 idoneas
703 714 765 784 fit,
794 730 863 770 tunc
892 713 965 768 enim
994 713 1077 782 apud

265 787 397 844 Matrem
416 791 585 861 locupletem
605 787 799 844 nutriamur.
816 787 871 844 Sed
892 796 999 856 negant
1020 783 1075 839 Sei·

265 859 345 921 le'cit.
366 861 507 928 Boeri'iis,
528 864 558 918 st·
579 863 730 919 Alexand.
753 863 835 934 apud
853 859 959 916 sarith.
972 859 994 912 l.
1007 875 1032 914 c.
1045 878 1073 918 n.

231 973 236 978 -
265 934 381 1010 s.quod
399 934 524 994 asserunt
536 933 671 1008 pradilia
691 935 782 991 verba
794 949 851 990 non
872 931 927 989 esse
942 933 971 987 in
989 942 1080 990 teitu.

264 1010 461 1082 originario(
481 1022 514 1067 ut
531 1011 643 1067 latetur
664 1009 723 1079 ipsa
744 1007 871 1080 cloia)
896 1006 944 1063 sed
966 1006 1076 1063 inseite

263 1079 346 1141 fuisse
368 1085 403 1140 ab
424 1085 550 1142 senario.
573 1085 615 1141 At
635 1083 760 1138 hocnon
782 1078 932 1148 obstante,
951 1096 1009 1138 non
1030 1079 1075 1136 di·

262 1158 441 1216 scedendum
464 1176 480 1215 a
500 1157 644 1214 sententia
665 1155 836 1228 communi,
857 1167 888 1210 ut
903 1155 945 1212 ait
966 1155 1072 1212 eadem

264 1232 378 1302 Classe,
397 1234 469 1308 quia
488 1247 554 1287 cunt
569 1229 666 1286 Matri
687 1229 827 1286 adultera
845 1229 898 1284 dos
909 1261 926 1296 ‚=
938 1227 1014 1286 sadio
1027 1227 1072 1286 di·

264 1308 382 1373 vortio,
396 1305 584 1371 restituatur,
606 1301 650 1375 jus
661 1305 796 1360 naturaie
809 1303 953 1376 postulat,
966 1317 997 1360 ut
1011 1303 1072 1374 ipsa

262 1379 454 1438 Matrimonii
474 1395 565 1434 onera
585 1375 746 1445 sustineat,
776 1377 851 1434 alias
879 1377 1069 1436 commodum

262 1471 298 1511 ex
320 1453 506 1512 suoctimine
530 1465 712 1524 reportaret.
733 1450 784 1509 Ad
800 1453 856 1510 hoc
877 1464 977 1509 tamen
998 1453 1071 1510 liene

263 1528 392 1584 advertit
414 1526 517 1584 sooch.
537 1547 566 1582 a.
587 1525 615 1583 8.
644 1541 711 1580 cum
733 1527 883 1582 communi
913 1527 1071 1595 omnium,

261 1615 384 1659 omnino
403 1600 515 1674 requiri
528 1594 706 1655 sententiam
723 1598 858 1673 Judicis.
878 1600 1004 1670 Quando
1021 1615 1070 1658 au·

261 1687 323 1732 tem
347 1680 424 1734 alter
443 1673 613 1742 Coniugum
643 1672 712 1729 esset
732 1671 880 1740 infidelis,
910 1677 959 1731 uel
982 1675 1072 1731 itare·

261 1751 360 1822 ticus;
381 1751 479 1824 proies
493 1749 606 1818 semper
618 1747 695 1818 apud
714 1743 831 1804 fidelem
846 1747 998 1806 educanda
1012 1745 1072 1816 est,

262 1826 399 1896 quamuis
418 1820 514 1880 fidelis
533 1821 629 1904 suerit·
644 1823 675 1876 in
695 1823 801 1894 culpa,
823 1833 856 1879 ut
878 1821 984 1882 tanea.
1003 1841 1032 1883 n.
1044 1839 1071 1901 3.

263 1898 379 1958 Paleris
398 1901 419 1956 l.
441 1917 465 1958 c.
486 1915 550 1954 tum
569 1899 664 1955 aliis.

186 1989 244 2046 777
303 2011 324 2042 ,,
343 1973 482 2046 Quares,
505 1986 542 2027 an
561 1986 638 2028 uxor
655 1979 795 2030 teneatur
814 1967 896 2046 sequi
917 1971 1012 2033 virum
1033 1970 1070 2031 ad

263 2045 518 2106 cohabitationem
531 2045 543 2102 i

298 2161 320 2193 „
340 2122 430 2194 Resp.
449 2117 583 2189 Teneri,
604 2117 675 2194 quia
695 2119 743 2180 vir
761 2117 804 2181 et
822 2131 910 2196 caput
929 2119 1070 2190 familia,

261 2235 283 2270 „
299 2195 329 2256 de
348 2196 470 2264 utaris,

268 2367 272 2374 ,
364 2301 566 2384 decipiuntur
586 2323 682 2366 tamen
694 2306 845 2384 sequentes
864 2309 978 2383 Casus.

298 2455 320 2494 „
343 2435 370 2483 ι.
388 2420 418 2482 Si
437 2439 473 2481 eti
494 2423 613 2496 sequela
632 2423 776 2480 timeatur
797 2443 887 2499 grave
906 2441 1002 2496 onus,
1022 2427 1071 2483 uei

259 2529 283 2568 „
304 2499 491 2572 periculum,
512 2515 540 2555 v.
561 2515 589 2568 g.
610 2499 697 2564 eitae,
726 2498 895 2570 pudicitia,
925 2503 973 2560 vei
996 2501 1071 2558 saiu-

250 2607 284 2652 3,
305 2577 366 2645 tis;
389 2575 437 2629 vel
457 2587 532 2628 utor
553 2587 570 2628 a
591 2573 660 2630 viro
680 2589 801 2644 peregre
821 2573 879 2630 non
901 2579 1016 2634 alatur.
1069 2571 1073 2583 “

299 2687 321 2718 „
344 2667 368 2706 2.
397 2646 427 2707 Si
449 2645 496 2704 vir
516 2641 576 2716 poli
596 2647 818 2704 matrimonium
840 2645 931 2707 ladius
965 2649 997 2706 ιιι
1018 2667 1071 2708 va·

261 2757 282 2792 „
303 2739 376 2795 gris,
395 2737 449 2778 nee
469 2722 559 2778 sicile
573 2717 606 2774 sit
626 2719 727 2796 sequi·
751 2721 831 2780 secus
850 2734 969 2793 tamen,
990 2723 1085 2782 fian·-

263 2834 285 2867 ,‚
306 2811 337 2855 te
356 2795 416 2880 fuit¹
435 2811 527 2878 uagus
537 2813 550 2862 ‚·
569 2793 658 2924 idgue
679 2765 863 2882 ipsa-scivit,
928 2873 934 2884 ι
1047 2871 1053 2885 ⁸

261 2985 283 3016 ‚,
300 2869 419 3018 ’,ιιιῗι
439 2884 476 2998 :i
494 2866 1073 3016 tii‘i.l.is².¹‘si.⁰.ltlti,‘¹¹‘l⁰lilli

259 3060 284 3092 „
304 3019 404 3092 gratiis
423 3013 576 3074 necessitas
596 3028 720 3089 urgeat.

301 3092 495 3165 Regulatitet
514 3105 588 3146 orior
607 3103 727 3149 tenetur
746 3091 826 3168 sequi
841 3093 944 3153 ritum
959 3106 1075 3154 mutan·

261 3183 323 3227 tem
345 3165 554 3232 domicilium,
584 3165 698 3222 etiamst
719 3179 816 3225 mutet
836 3167 894 3228 sine
915 3169 986 3244 julia
1005 3186 1076 3226 cau·

263 3245 314 3313 sa,·
336 3241 426 3300 modo
445 3241 528 3298 causa
548 3254 607 3298 non
620 3238 651 3296 fit
672 3241 789 3323 turpis,
807 3241 914 3302 senes.
930 3245 983 3303 ιιι.
996 3261 1021 3304 ι.
1034 3243 1075 3305 D.

262 3331 310 3392 40.
331 3337 359 3378 n.
371 3333 397 3372 2.
418 3317 488 3372 (τό.
508 3313 549 3372 Et
569 3313 627 3370 iioc
647 3312 761 3372 etiamst
783 3315 893 3375 alicubi
913 3318 986 3376 adst
1003 3334 1072 3378 con·

262 3394 354 3451 traria
373 3389 574 3457 consuetudo,
594 3403 727 3462 quianon
746 3387 838 3460 potest
859 3391 1002 3466 derogare
1017 3391 1075 3466 juri

262 3467 399 3533 Divino,
417 3463 497 3539 quod
517 3460 667 3520 constituit
680 3459 777 3520 virum
797 3477 885 3537 caput
901 3469 1022 3534 uxoris,
1041 3477 1074 3524 ut

263 3547 295 3599 in
308 3559 333 3600 i.
344 3542 411 3598 Coe.
423 3555 467 3614 ιι.
479 3555 505 3614 3.
526 3537 602 3597 item
617 3535 732 3595 etiamsi
752 3535 799 3597 rit
812 3539 901 3612 longe
920 3541 1073 3608 discedat,

258 3615 287 3674 u
309 3617 349 3674 ibi
371 3617 561 3686 perlongum
585 3624 700 3683 tempus
718 3608 754 3670 sit
772 3627 943 3672 moraturus
952 3633 963 3689 3
993 3615 1074 3672 secus

261 3707 334 3748 reto
348 3689 367 3746 si
379 3686 462 3748 brevi
482 3686 550 3746 inde
571 3686 739 3746 reversurus
759 3685 791 3743 stt
801 3708 815 3756 ‚·
834 3687 878 3748 ita
898 3687 1002 3748 sanci.
1016 3691 1073 3748 l.c.

263 3765 303 3838 D.
313 3784 360 3838 41.
371 3783 399 3823 n.
414 3780 457 3821 ιι.
470 3779 535 3820 cuni
546 3761 680 3819 Petram.
690 3763 721 3817 st·
739 3761 909 3821 Alexander
923 3765 957 3820 de
973 3761 1074 3830 Novo,

263 3859 300 3898 ac
310 3838 380 3908 uos.
393 3836 454 3894 md.
468 3855 496 3893 n.
509 3851 552 3910 34.
565 3853 628 3890 tum
637 3835 723 3891 suar.
735 3835 804 3893 Bar.
814 3839 844 3894 dr
854 3835 993 3897 serinac.
1003 3849 1074 3894 tune

264 3914 343 3972 enim
364 3925 417 3966 nec
438 3924 512 3966 utor
532 3907 743 3977 tenetursequi
764 3909 881 3977 virum,
902 3911 1014 3968 necvit
1032 3909 1075 3968 se·

262 4002 330 4046 cum
345 3985 452 4042 ducere
473 3991 616 4047 ultorem,
635 3991 667 4034 ut
677 3978 779 4034 dicunt
792 3979 885 4040 Selm.
900 3985 935 4039 de
944 4001 971 4042 2.
985 3983 1075 4044 Prec.

265 4082 291 4120 c.
302 4057 381 4117 unic.
390 4076 418 4114 n.
427 4057 475 4128 48.
489 4073 553 4113 com
563 4053 668 4112 Sancb.
679 4053 745 4110 Tol.
759 4052 826 4113 Bon.
835 4054 917 4132 seyr.
931 4055 1006 4117 Fi'll.
1020 4060 1076 4118 (tr.

264 4136 360 4195 Prout
371 4147 407 4188 ne
431 4147 465 4187 ue
478 4139 597 4187 tenetur
606 4128 725 4184 viteam
738 4125 951 4202 secusducete,
960 4132 1079 4191 etiamsi

264 4212 355 4281 longe
376 4148 528 4274 dticedat,
549 4201 694 4275 simagnae
707 4202 836 4274 expensa
855 4207 1077 4278 requirerentur

265 4285 303 4344 ad
324 4295 389 4339 eam
412 4282 483 4336 illuc
503 4276 771 4336 transvehendum:
800 4274 894 4338 saltn.
913 4279 987 4342 i'bi'd.
1007 4297 1075 4338 cum

265 4357 338 4420 ΛΑ.
359 4357 478 4412 citatis.
497 4351 681 4410 Econrerso
699 4365 774 4408 uxor
793 4366 851 4410 non
865 4365 984 4413 tenetur
996 4357 1077 4432 sequi

264 4435 383 4498 virum,
403 4428 422 4486 ιι
437 4429 487 4484 ille
499 4428 573 4483 velit
587 4441 650 4483 eam
669 4427 841 4498 pertrahere
854 4429 891 4486 ad
902 4443 1078 4501 peecatum,

264 4509 315 4568 vei
336 4519 411 4562 uxor
431 4521 481 4576 per
502 4497 651 4558 discessum
673 4512 868 4572 exponeretur
896 4505 980 4576 gravi
1021 4505 1077 4561 eri·

266 4584 337 4640 culo
356 4575 444 4646 vita,
464 4586 496 4634 ut
517 4573 655 4634 satiris.
668 4591 693 4632 ι.
706 4573 804 4646 1241.
824 4597 851 4635 ii.
864 4591 890 4645 ς.
912 4597 975 4634 cum
994 4523 1079 4653 Syia.

267 4655 349 4716 Nar.
367 4654 450 4710 Arm.
468 4651 516 4709 Aa
538 4691 546 4709 .
565 4653 622 4707 (alc.
642 4660 692 4704 aut
712 4651 846 4719 periculo
866 4653 967 4719 gravis
987 4651 1078 4708 detti·

265 4729 383 4796 menti,
404 4738 437 4783 ut
459 4669 535 4794 Boni
550 4741 574 4783 c.
592 4723 622 4779 6.
642 4742 671 4780 n.
693 4720 738 4797 38.
758 4741 823 4778 cum
842 4720 941 4798 Laym.
962 4724 988 4781 dr
1009 4726 1077 4782 titia

265 4801 484 4862 communiter.
505 4798 554 4856 Sic
573 4799 754 4868 pariternon
775 4806 893 4853 tenetur
907 4813 979 4854 uror
998 4798 1078 4872 sequi

266 4879 364 4936 ritum
386 4883 568 4948 vagantem,
587 4869 640 4930 nisi
661 4879 824 4926 exorante
848 4867 1076 4928 Matrimonium

270 4952 300 5010 id
320 4953 462 5018 sciverit,
483 4957 515 5004 ut
535 4945 640 5003 sanci.
653 4948 675 5000 l.
687 4964 711 5001 e.
726 4963 753 5000 a.
766 4961 795 5014 7.
815 4959 878 4998 cum
892 4941 990 5018 syloe.
1001 4949 1078 5018 Arg.

266 5023 349 5085 Nae.
368 5021 480 5098 Lopez,
501 5019 586 5078 Mon.
600 5021 630 5076 (a
649 5017 717 5085 Buff.
730 5035 757 5072 n.
767 5017 813 5084 48.
829 5029 895 5070 cum
918 5017 985 5076 aliis
998 5037 1078 5078 com·

266 5099 397 5158 munitet
413 5138 421 5156 .
439 5096 487 5154 An
508 5107 607 5153 autem
628 5100 862 5147 uror-teneatur
876 5092 960 5172 'sequi
982 5097 1077 5152 virum

265 5177 297 5233 in
319 5175 440 5228 exilium
463 5166 711 5226 condemnatum?
732 5162 919 5221 Probabiltus
933 5167 1080 5227 affirman-

265 5249 423 5307 demeum
445 5241 550 5300 sauci.
571 5243 593 5295 l.
618 5237 704 5317 ¹2⁰·
725 5253 771 5307 tl·
792 5255 821 5296 a.
843 5254 887 5312 13.
914 5241 983 5312 Buff.
1005 5263 1029 5306 e.
1048 5245 1076 5306 d.

264 5343 295 5385 ιι.
315 5321 361 5394 46.
382 5320 413 5378 la·
432 5313 509 5376 alii.
527 5311 608 5376 side
629 5305 706 5370 title
724 5312 746 5372 l.
767 5325 795 5386 3.
814 5329 843 5374 ii.
863 5329 928 5391 353.

716 284 799 366 Lib.
826 287 895 363 vl.
920 283 1047 363 Titii.
1076 283 1143 360 vl.
1171 283 1228 358 Dc
1254 277 1530 360 Matrimonio.

1307 484 1607 546 CAPUT
1687 486 1763 550 lli.

1282 631 1328 689 De
1346 631 1563 707 loripedi-'meotis
1581 633 1776 696 illatrimoni'i'
1784 679 1793 699 .

1126 780 1412 867 9781mpede'mento
1440 782 1506 841 eli'a
1528 785 1602 852 sunt
1621 786 1844 861 impedientia,
1874 784 1942 846 alia

1238 857 1438 917 Dirrmentia.

1124 946 1185 1000 979
1203 931 1258 1060 Api
1267 1003 1272 1014 .
1283 931 1408 1013 locleſse
1421 931 1510 1044 ²piiffit
1537 933 1702 1004 constituere
1731 933 1943 1010 impedimenta

1126 1078 1182 1146 980
1199 1019 1427 1160 Qusfmffx
1445 1077 1634 1148 constituere?
1656 1081 1734 1141 Dub.
1752 1100 1777 1140 1.
1799 1082 1847 1139 Au
1867 1082 1940 1156 Epi'·

1233 1153 1336 1225 scopi?
1362 1171 1430 1224 971.
1450 1153 1527 1212 Deb.
1548 1173 1574 1213 e.
1596 1155 1645 1213 Aa
1663 1157 1873 1229 impedimenta
1892 1157 1940 1212 di·

1229 1226 1375 1374 ἔπειτα
1393 1230 1520 1302 oppofita
1538 1231 1575 1286 ab
1596 1229 1723 1301 Eccleſsa
1742 1232 1868 1306 obligent
1889 1231 1937 1288 In·

1276 1318 1333 1356 ees

1124 1485 1147 1519 „
1167 1447 1357 1590 DUplieit
1377 1451 1494 1534 generis
1514 1455 1580 1513 sunt
1600 1454 1834 1529 impedimenta:
1860 1469 1932 1529 qute-
1953 1451 2015 1526 978

1124 1560 1146 1592 „
1186 1598 1190 1607 Ι
1258 1524 1326 1581 dam
1347 1528 1490 1584 illicitum
1509 1542 1647 1600 tantum,
1673 1533 1731 1589 alia
1751 1532 1869 1602 insuper
1900 1532 1936 1584 it·
2069 1541 2074 1550 ’

1126 1633 1148 1666 ,,
1168 1609 1259 1681 ¹ritum
1282 1598 1512 1658 Matrimonium
1534 1605 1681 1664 reddant.
1704 1606 1811 1663 Priora
1830 1603 1936 1661 dicunt
1989 1623 1993 1632 ·

1126 1709 1148 1740 „
1166 1673 1384 1742 impedientia,
1404 1674 1562 1746 posteriora
1581 1680 1775 1736 dirimentia.

1162 1745 1234 1803 Non
1254 1747 1391 1824 dubitant
1411 1747 1553 1810 Haeretici
1573 1753 1659 1810 nosiri
1678 1749 1825 1824 temporis
1856 1749 1934 1824 posse
1953 1761 2014 1823 979

1124 1814 1289 1904 Ecclesiam
1321 1821 1497 1881 constituere
1526 1828 1740 1899 impedimenta
1772 1826 1936 1884 Matrimo-

1124 1907 1205 1950 nium
1227 1894 1420 1967 impedientia
1429 1918 1443 1968 ,·
1472 1915 1582 1972 negant
1602 1914 1702 1960 tamen
1731 1899 1807 1972 posse
1830 1899 1935 1959 consii-

1123 1979 1209 2024 tuere
1229 1969 1425 2031 dirimentia.
1452 1971 1509 2034 Sed
1528 1974 1698 2034 Concilium
1719 1973 1935 2042 Tridentino-m

1123 2040 1190 2110 Seis.
1211 2058 1258 2112 24,
1278 2047 1353 2105 Can.
1363 2064 1391 2116 4.
1413 2045 1449 2102 fic
1469 2047 1586 2107 statuit:
1607 2051 1642 2108 Si
1661 2049 1728 2123 qui's
1749 2049 1860 2107 dixerit
1881 2049 1936 2108 Ec·

1123 2117 1243 2201 cleſsam·
1256 2138 1310 2176 non
1324 2119 1446 2192 potui'ffe
1465 2120 1612 2191 instituere
1637 2121 1845 2198 impedimenta
1865 2124 1936 2181 Ma·

1124 2205 1291 2248 erimantum
1311 2193 1509 2265 dirimenti'a,
1535 2199 1587 2255 vel
1605 2198 1637 2256 i'ir
1666 2197 1713 2258 lis
1731 2197 1934 2266 construendis

1115 2265 1248 2335 erraffe,
1270 2268 1424 2326 anathema
1439 2269 1495 2341 fit.
1516 2270 1584 2329 Nec
1604 2269 1694 2329 obstat
1714 2272 1831 2337 dicere,
1852 2271 1934 2343 quod

1126 2337 1260 2400 Ecclesia
1278 2345 1382 2416 nequit
1395 2344 1529 2400 invalida
1547 2343 1872 2402 reddereSacramenta
1892 2345 1938 2400 in·

1125 2408 1228 2475 ssituta
1252 2413 1407 2476 aCiirilio
1429 2415 1582 2487 Doniiao,
1609 2417 1728 2493 quando
1749 2420 1936 2476 celebrentur

1124 2505 1192 2548 cum
1211 2493 1312 2550 debita
1331 2491 1476 2559 materia,
1496 2490 1523 2548 u
1541 2491 1655 2551 forma.
1676 2493 1755 2551 Nam
1770 2491 1843 2564 resp.
1857 2493 1936 2568 quod

1123 2565 1349 2626 Sacramentum
1364 2565 1557 2625 Matrimonii
1577 2565 1698 2626 subidit
1717 2566 1747 2623 in
1766 2564 1848 2624 illius
1868 2581 1940 2623 coti·

1123 2637 1239 2713 traliu3
1260 2657 1372 2716 quare,
1393 2640 1443 2699 etsi
1463 2639 1595 2701 Ecclesia
1605 2641 1830 2701 Sacramentum
1852 2641 1938 2698 inra-

1123 2712 1222 2772 iidare
1241 2731 1299 2770 non
1320 2711 1424 2788 posfit,
1442 2713 1536 2787 potest
1549 2730 1650 2776 tamen
1671 2715 1709 2772 ob
1729 2715 1836 2772 bonum
1856 2730 1938 2771 com·

1123 2803 1213 2846 mune
1233 2789 1405 2862 spirituale,
1426 2790 1542 2848 ratione
1562 2791 1649 2862 eujus
1665 2791 1829 2862 supremam
1850 2789 1940 2848 habet

1125 2861 1300 2935 potestatem
1334 2864 1418 2936 super
1439 2864 1483 2922 Po
1504 2867 1585 2922 ulum
1604 2863 1829 2930 Christianum,
1858 2861 1942 2921 inva-

1126 2936 1222 3024 lidare
1242 2935 1456 3016 contraitum,
1476 2882 1534 2998 ine
1555 2955 1614 3016 quo
1633 2939 1855 3000 Sacramentum
1884 2937 1940 2996 mi·
2034 2959 2040 2970 ·

1126 3029 1208 3072 nime
1231 3011 1409 3073 conficitur.

1164 3085 1252 3146 Hanc
1264 3101 1363 3146 autem
1384 3088 1560 3149 facultatem
1573 3087 1724 3149 indicendi
1743 3090 1783 3148 im
1806 3088 1936 3148 edimenae
1952 3083 2030 3157 oto·

1127 3173 1161 3219 ta
1188 3162 1391 3230 dirimentia,
1425 3178 1542 3223 certum
1574 3165 1614 3224 esi
1645 3166 1756 3224 habere
1786 3103 1938 3223 Summum

1128 3234 1330 3303 Pontificem,
1358 3237 1385 3295 de
1404 3239 1575 3299 Concilium
1595 3237 1744 3298 Generale
1762 3237 1940 3300 audioritate

1127 3309 1211 3368 iliius
1229 3310 1459 3374 confirmatum.

1164 3384 1222 3442 Sed
1242 3386 1395 3444 dubitatur
1416 3407 1442 3448 ι.
1470 3403 1508 3448 an
1529 3387 1662 3447 habeant
1681 3387 1764 3448 iliam
1787 3386 1879 3446 etiam
1899 3385 1941 3444 E·

1127 3456 1240 3534 piscopi
1259 3477 1295 3516 eit
1317 3457 1462 3532 potestate
1487 3462 1638 3522 ordinaria
1658 3463 1689 3520 in
1718 3463 1776 3520 suis
1796 3459 1939 3522 Dioecefi·

1127 3535 1200 3592 bus?
1221 3533 1351 3591 Attento
1364 3533 1570 3606 intonatum,
1589 3535 1737 3596 affirmant
1757 3535 1862 3595 sanci.
1874 3540 1897 3593 s.
1908 3554 1938 3608 7.

1128 3607 1168 3666 D.
1191 3624 1216 3665 ι.
1236 3627 1265 3667 n.
1284 3627 1313 3679 9.
1333 3606 1418 3668 Pone.
1437 3613 1459 3670 l.
1477 3610 1508 3670 6.
1529 3629 1554 3670 c.
1577 3630 1601 3671 l.
1621 3631 1649 3671 n.
1673 3628 1718 3671 ie.
1744 3611 1817 3669 item
1849 3610 1937 3679 soto,

1127 3683 1230 3741 Trull.
1244 3683 1349 3740 Bonae.
1364 3684 1467 3742 ualli
1485 3685 1668 3758 apulsatm.
1688 3703 1712 3744 e.
1725 3705 1769 3744 ιι.
1789 3703 1856 3754 rae.
1875 3685 1937 3742 lta·

1126 3758 1195 3823 tio,
1222 3757 1293 3830 quia
1312 3756 1451 3831 Episcopi
1470 3757 1584 3832 possunt
1603 3757 1634 3815 in
1656 3760 1712 3817 suis
1732 3758 1938 3829 Dioeeesbus,

1126 3829 1206 3904 quod
1226 3831 1307 3904 Papa
1334 3831 1426 3903 potest
1456 3835 1486 3891 in
1506 3832 1641 3893 Ecclesia
1671 3834 1855 3905 universali3
1886 3829 1939 3889 nisi

1129 3903 1245 3979 aliquid
1264 3904 1404 3963 Pontifex
1424 3905 1474 3965 sibi
1494 3907 1625 3979 expresse
1645 3908 1794 3977 reservet,
1824 3919 1857 3965 ut
1877 3907 1939 3966 sen·

1129 3980 1209 4036 tiunt
1227 3978 1315 4036 Sotiis
1334 3983 1369 4035 de
1381 3979 1459 4057 Just.
1479 3984 1501 4040 l.
1515 3999 1562 4038 ιο.
1575 3999 1601 4052 q.
1617 3999 1681 4037 i.a.
1712 3979 1765 4037 ,ιιι
1779 3982 1837 4050 fine
1855 3984 1938 4040 ada.

1130 4050 1214 4111 Pone.
1233 4054 1296 4110 l.6.
1316 4071 1340 4111 c.
1356 4071 1384 4112 ι.
1404 4073 1432 4112 n.
1455 4071 1500 4113 te.
1518 4052 1666 4122 Cadusii.
1716 4091 1725 4108 .
1739 4051 1773 4124 J.
1792 4055 1815 4110 l.
1828 4071 1853 4111 ι.
1873 4073 1898 4112 c.
1908 4057 1939 4114 8.

1128 4127 1158 4184 6.
1169 4143 1233 4183 eum
1251 4123 1385 4186 Panorm.
1405 4130 1435 4184 o·
1448 4126 1474 4201 J
1475 4145 1498 4184 o.
1510 4127 1604 4183 Andr.
1625 4122 1775 4183 ecsanrl.
1795 4128 1831 4182 de
1843 4125 1941 4189 Matr.

1129 4204 1152 4258 l.
1165 4214 1190 4257 ι.
1203 4198 1243 4258 ι).
1252 4200 1300 4257 όι.
1314 4218 1342 4258 a.
1355 4217 1381 4276 3.
1402 4219 1467 4258 cam
1485 4202 1576 4260 aaut.
1587 4199 1681 4270 arag.
1701 4194 1803 4258 tueor.
1815 4199 1940 4262 Creuit.

1128 4273 1241 4341 Perea,
1265 4271 1355 4331 Hert.
1375 4272 1495 4347 Heariq.
1525 4273 1632 4349 Majol.
1661 4271 1776 4331 Veraci.
1803 4271 1916 4334 &aliis
1928 4296 1941 4344 ‚·

1130 4347 1387 4479 natalitiis
1406 4351 1521 4494 “illle
1536 4343 1941 4482 tritinisszlti·

1132 4493 1256 4566 Negant
1274 4511 1346 4552 vero
1366 4459 1452 4554 sciar.
1474 4511 1534 4567 ις.
1554 4493 1594 4553 D.
1607 4511 1634 4564 7.
1656 4491 1700 4551 se.
1713 4511 1742 4563 4.
1762 4512 1790 4553 n.
1813 4511 1840 4566 ς.
1861 4465 1942 4572 Lugii

1132 4569 1221 4643 Resp.
1240 4585 1310 4627 mor.
1322 4573 1345 4630 l.
1357 4587 1382 4628 ι.
1396 4569 1473 4627 Diri.
1482 4586 1531 4641 45.
1542 4571 1574 4626 su
1593 4566 1686 4625 sulm.
1700 4586 1728 4624 n.
1736 4586 1765 4638 9.
1785 4587 1850 4626 cum
1867 4573 1940 4632 Con.

1131 4641 1252 4711 Diana,
1272 4639 1383 4712 Perea,
1401 4641 1510 4700 &Die
1522 4641 1594 4717 quia
1612 4657 1659 4697 res
1674 4641 1942 4702 matimimomen·

1132 4718 1158 4772 ti
1177 4731 1236 4773 non
1256 4716 1322 4773 sunt
1341 4716 1549 4784 decernenda,
1576 4712 1629 4772 nisi
1651 4732 1667 4771 a
1685 4711 1828 4784 Suprema
1848 4715 1942 4779 Sede.

1131 4788 1274 4848 Ceterum
1304 4787 1355 4860 ipsi
1381 4789 1485 4847 sanes.
1507 4793 1537 4846 (r
1557 4786 1641 4848 Pone.
1659 4787 1811 4858 latentur,
1836 4793 1945 4922 pund,

1132 4861 1191 4920 esto
1211 4867 1292 4922 nulla
1313 4861 1346 4922 sit
1367 4869 1414 4921 let
1435 4864 1594 4933 prohibens
1613 4861 1768 4934 Episcopia
1801 4865 1833 4922 iti
1856 4883 1945 4924 ucere

1132 4938 1349 5015 impedimenta
1368 4939 1563 5005 dirimentia,
1585 4936 1615 4993 id
1636 4949 1737 4994 tamen
1756 4939 1884 4997 vetitum
1904 4939 1948 4996 esi

1132 5029 1169 5072 ex
1200 5015 1366 5071 inveterata
1394 5012 1622 5070 consuetudine.
1650 5009 1707 5070 Sed
1735 5024 1840 5083 preter
1866 5015 1947 5070 hanc

1132 5085 1401 5154 consuetudinem,
1422 5085 1512 5143 rel'etr
1533 5081 1710 5146 Benedisiut
1730 5084 1817 5145 xlv.
1838 5088 1873 5141 de
1891 5085 1946 5160 sy·

1131 5164 1204 5217 nodo
1221 5164 1246 5218 l.
1264 5179 1293 5231 7.
1312 5177 1337 5218 c.
1357 5161 1406 5220 68.
1424 5179 1455 5219 u.
1475 5179 1502 5231 7.
1524 5159 1680 5218 Urbanum
1701 5157 1792 5219 vill.
1813 5160 1863 5216 suo
1884 5157 1945 5216 De·

1131 5243 1218 5290 creto
1235 5231 1406 5305 approbasse
1425 5233 1671 5292 Declarationem
1684 5232 1712 5292 S.
1725 5231 1761 5289 C.
1775 5233 1822 5288 ubi
1843 5232 1874 5290 id
1892 5251 1946 5291 ct·

1130 5303 1224 5384 prese
1242 5307 1371 5371 tetirtm
1391 5311 1472 5382 sitit,
1492 5325 1527 5369 ee
1547 5303 1854 5386 inciperemttllcem
1875 5323 1948 5442 pte·

1807 5392 1912 5455 'cept-
