4317 5784
763 309 857 410 Cap.
879 309 909 387 l.
936 311 993 390 De
1020 311 1272 414 sponsalibus.
1300 313 1399 394 Dub.
1417 314 1466 395 ll.
1826 343 1870 420 r3
1970 365 1976 372 -

254 427 333 496 lilios
352 433 451 496 ttneri
470 433 519 496 sub
540 435 659 498 mortali
681 435 1011 512 obedireparentibus,
1031 442 1066 500 ab
1119 442 1235 512 nasio,
1254 459 1336 502 meto
1349 455 1437 518 pone
1449 445 1604 522 obiriogi.
1624 445 1702 506 Item
1723 464 1761 506 et
1779 449 1801 508 l.
1820 449 1871 519 fin
1890 452 1933 505 de·

252 509 420 583 hujusmodi
440 510 643 572 Matrimonia
665 509 854 580 abstinendo,
874 513 992 588 quando
1002 515 1066 588 pos·
1117 515 1219 588 Speos.
1239 519 1311 574 ubi:
1332 517 1368 576 si
1386 521 1484 578 cautio
1499 535 1615 595 ponam
1635 519 1838 595 stipulationis
1863 541 1928 580 con·

253 583 319 644 sont
341 586 397 644 sne
419 587 502 660 gravi
524 585 573 644 suo
593 587 803 648 incommodo.
833 587 938 646 Tanto
967 591 1065 662 magis
1118 592 1214 646 tineos
1226 591 1323 660 fuerit
1340 592 1534 668 interpretata
1553 615 1588 653 es
1607 609 1841 668 orraqaeparre,
1861 598 1928 653 nal·

258 659 337 734 quod
359 657 423 732 (ut
445 661 546 718 dicunt
567 659 627 732 ipsc
647 661 752 720 sanes.
773 665 835 720 l.t.
855 662 955 736 Dra.
986 683 1066 726 neem.
1119 664 1265 722 saevires
1283 665 1419 735 babebit,
1438 689 1503 726 cum
1521 670 1554 728 in
1574 668 1776 728 contrahendis
1806 669 1922 742 nuptiis

258 752 284 810 3.
305 737 335 792 t‘r
355 733 519 796 Holamaon
543 756 571 793 n.
586 733 648 794 266.
668 739 684 811 )
703 735 874 810 hujusmodi
908 737 1066 809 scandala,
1118 736 1212 796 sibero
1228 739 1350 811 potestas
1369 742 1418 811 effe
1438 745 1558 804 debeat.
1578 741 1811 802 Ptobnntetiam
1834 745 1929 802 ratio·

253 809 392 883 quamvis
412 823 499 866 antea
519 805 685 880 jaslcntur,
714 810 792 868 inito
822 819 923 870 tamea
956 810 1066 870 Matri·
1118 826 1177 880 nc,
1197 829 1268 887 quia
1286 813 1382 873 adbuc
1403 813 1526 875 libertas
1548 817 1721 888 lederetur3
1742 814 1925 888 possetenint

252 881 355 940 monio
376 883 465 940 facile
486 884 661 940 evanescunt
685 921 694 952 ,
722 881 749 940 ἃ
777 883 869 942 animi
896 887 1065 944 concilian-
1117 885 1274 955 accidere,
1294 889 1374 962 quod
1396 905 1464 962 pars
1484 907 1546 965 qua
1567 888 1638 972 julie
1666 887 1756 962 posset
1787 890 1925 956 resilire,

253 970 320 1014 tur.
340 953 504 1026 Ceterum,
525 974 592 1014 cuni
614 958 674 1018 hoe
694 955 726 1014 fit
740 970 844 1015 contra
854 973 1041 1018 communem
1053 995 1064 1031 ,
1117 961 1255 1034 nequiret
1274 961 1352 1020 suam
1374 964 1490 1021 causam
1519 966 1551 1022 in
1591 963 1691 1022 udicio
1720 965 1843 1035 probare
1861 1003 1872 1034 ‚
1898 963 1927 1020 ὰ

253 1043 411 1104 propterca
430 1031 610 1102 sapientibus
631 1029 848 1090 discutiendum
869 1033 1027 1108 relinquo.
1117 1032 1156 1092 sic
1175 1032 1273 1093 inuita
1290 1037 1407 1108 nuptias
1426 1037 1533 1101 iniret.
1561 981 1696 1096 sicam
1714 1055 1788 1096 vero
1817 1038 1927 1111 proba·

173 1099 233 1172 852
292 1142 314 1174 ‚,
334 1125 360 1178 7.
381 1104 528 1166 Resillens
547 1107 594 1163 cul
618 1104 737 1164 abiliter
755 1124 771 1164 a
791 1107 969 1178 sponsalibus
999 1125 1065 1180 per·
1116 1107 1205 1164 bilior
1223 1108 1369 1168 sententia
1390 1109 1536 1182 affirmat,
1556 1111 1669 1170 &banc
1690 1109 1925 1171 tenentPonrius

165 2584 225 2663 ⁸53

251 1218 275 1250 η
296 1179 341 1236 dit
362 1179 426 1240 suas
446 1181 574 1262 arrhas,
593 1123 619 1238 g
639 1191 760 1238 tenetur
778 1179 815 1239 ad
827 1183 950 1242 asterius
970 1183 1063 1254 partis
1116 1179 1225 1242 tiara.
1246 1197 1366 1258 conto.
1394 1187 1510 1246 inumb.
1539 1185 1639 1263 Laym.
1668 1198 1772 1260 ιαμ.
1802 1185 1924 1245 nomn.

251 1289 273 1324 ,.
294 1253 479 1321 reddendas,
500 1269 534 1310 ac
555 1251 590 1311 ad
609 1252 848 1324 restitutionem,
872 1257 976 1331 quanti
996 1255 1060 1329 ejus
1114 1255 1281 1330 Roncaglia
1295 1273 1444 1334 pag.i35.
1482 1260 1556 1331 oeli.
1568 1274 1593 1334 3.
1614 1261 1653 1319 R.
1666 1279 1693 1320 2.
1704 1259 1870 1322 Holzmano
1889 1279 1921 1316 n.

249 1366 272 1398 „
292 1329 439 1386 intererat
460 1330 551 1388 talem
576 1328 761 1386 contrabium
781 1329 923 1402 impleri.
1114 1345 1181 1403 ²03·
1201 1349 1265 1388 cum
1283 1333 1390 1393 Aeaci.
1411 1338 1441 1393 (r
1493 1333 1735 1393 annosissimae
1757 1334 1833 1392 D.i.
1850 1349 1882 1408 p.
1893 1353 1923 1404 p.

285 1401 367 1460 Hinc
389 1415 487 1460 atttem
508 1403 670 1460 notandum
691 1402 717 1463 1.
736 1405 817 1478 quod
848 1405 905 1462 sia
935 1403 1059 1464 muliere
1113 1421 1190 1462 num.
1222 1424 1313 1464 .cum
1333 1407 1419 1469 suar.
1439 1409 1524 1480 Vasq.
1544 1411 1574 1465 (φ
1595 1409 1664 1466 Coo.
1693 1427 1728 1466 ac
1748 1407 1840 1468 Solm.
1860 1426 1935 1466 cam.

246 1475 436 1550 promittitur
455 1473 573 1609 alispuid
591 1478 730 1546 tito‚ut
749 1493 814 1536 eaor
836 1479 948 1548 ducat,
977 1483 1059 1537 vaiet
1111 1421 1221 1536 seinai.
1242 1481 1273 1535 (n
1294 1479 1418 1540 Diana.
1446 1481 1565 1549 Ratio,
1596 1484 1666 1556 quia
1694 1480 1765 1538 talis
1795 1481 1922 1554 adjettio

510 1573 518 1608 l

271 1551 368 1608 uidem
391 1553 485 1622 promi
519 1569 558 1624 o,
585 1564 672 1624 prout
702 1552 830 1610 liabetur
857 1569 893 1610 ex
920 1564 975 1684 esp
1189 1624 1195 1636 ἱ

248 1623 341 1693 ilis,
362 1627 397 1682 de
415 1627 534 1686 Condit.
555 1628 652 1702 oppos.
664 1627 737 1702 quia
749 1637 821 1684 tunc
852 1628 928 1685 romi
962 1643 1059 1700 opre-
1112 1621 1292 1697 positivum.
1311 1625 1384 1686 Non
1402 1640 1507 1686 contra
1526 1631 1690 1696 naturale,
1718 1631 1788 1702 quia
1820 1647 1873 1701 per
1894 1630 1931 1687 se·

246 1699 372 1757 sumitur
393 1697 470 1761 sabla
490 1701 577 1760 causa
597 1699 693 1759 dotis.
722 1699 810 1762 Sectis
830 1643 849 1756 it
870 1703 916 1759 vir
934 1703 1060 1773 promit·
1112 1700 1288 1785 ratiortabile
1307 1699 1347 1760 est
1366 1718 1482 1775 poenam
1510 1703 1624 1773 imponi
1645 1704 1838 1773 culpabiliter
1858 1701 1925 1760 resr-

244 1785 292 1832 tat
312 1774 351 1832 ali
376 1772 427 1831 uid
446 1777 588 1844 mulieri,
610 1775 630 1834 si
650 1775 730 1832 secus
740 1774 887 1846 nupserit,
908 1777 1059 1852 quintunc
1113 1773 1305 1844 lient13nec
1326 1774 1365 1834 eli
1385 1788 1491 1836 contra
1511 1777 1682 1834 libertatern
1703 1775 1740 1832 ad
1760 1774 1925 1835 Matrimo-

246 1850 343 1920 prorni
379 1850 599 1922 opraesumitut
619 1845 695 1908 sosia
715 1853 752 1908 ob
773 1851 889 1908 causam
923 1863 1060 1922 turpem,
1112 1847 1196 1904 nlurn
1217 1847 1407 1926 requisitam,
1436 1851 1581 1924 impedire
1608 1849 1724 1921 sponsos
1753 1849 1790 1907 ab
1817 1848 1925 1921 injulie

245 1936 352 1996 nempe
370 1923 502 1984 libidinis
522 1926 692 1999 explenda;
713 1925 757 1982 ita
776 1924 1072 1982 communitersw
1112 1920 1300 1992 resiliendo;
1318 1925 1390 1983 licet
1411 1929 1489 1982 enim
1512 1925 1577 1998 jura
1599 1924 1629 1981 in
1651 1922 1853 1983 Matrimonio
1874 1939 1926 1998 ap·

248 1997 319 2060 ciez
338 1995 390 2056 lib.
402 2017 428 2059 i.
448 1998 488 2059 D.
504 2016 550 2076 33.
571 2018 648 2058 nom.
662 2015 688 2072 3.
710 2002 741 2058 <n
760 1999 854 2057 Solm.
881 2015 946 2072 rap.
963 2015 989 2057 ι’.
1009 2017 1058 2057 on.
1110 1997 1236 2068 probent
1257 1996 1423 2057 libertatem
1445 1999 1675 2065 rationabilem,
1702 1997 1861 2070 reprobant
1877 2010 1925 2059 ta·

249 2071 316 2128 ioli.
336 2087 403 2130 curn
425 2075 495 2132 allis
513 2071 633 2147 passim,
653 2089 690 2128 eit
709 2073 772 2144 1.ss
792 2073 838 2130 ira
867 2074 904 2142 lli
926 2075 1058 2141 ulatur,
1110 2085 1180 2126 rnen
1209 2071 1444 2132 irrationabilem
1467 2090 1476 2146 ;
1505 2073 1531 2132 st
1551 2071 1620 2130 ideo
1639 2087 1698 2128 non
1717 2073 1813 2130 officit
1833 2075 1923 2131 liber·

243 2145 272 2216 §.
293 2143 329 2201 Si
347 2143 404 2202 tibi
416 2147 472 2218 ,ff.
495 2149 529 2201 de
548 2147 659 2206 Verior.
675 2145 776 2218 fignif.
807 2146 857 2203 ubi
879 2087 924 2203 it(

930 2144 1058 2218 expresse
1111 2144 1167 2200 tati
1189 2143 1401 2216 Matrimonii,
1420 2146 1499 2223 quod
1547 2147 1623 2206 udex
1642 2158 1730 2220 cogat
1749 2146 1864 2220 sponsos
1884 2146 1922 2206 ad

229 2217 399 2278 'liabetur.
418 2219 582 2290 Excipiunt
602 2231 722 2285 tameo,
743 2221 762 2276 si
785 2219 834 2276 vir
854 2219 887 2276 sit
916 2219 1059 2290 ignobilis
1111 2219 1346 2277 contrahendum
1376 2239 1429 2294 per
1459 2148 1627 2289 consini,
1659 2237 1841 2290 carcerem,
1869 2235 1923 2280 aut

247 2305 298 2348 aut
319 2291 430 2360 senex,
450 2291 478 2348 tlt
499 2293 607 2348 mulier
636 2289 669 2348 sit
699 2291 808 2349 nobilis
830 2303 880 2348 aut
909 2288 1056 2365 juvenis3
1110 2305 1228 2361 poenim
1263 2296 1500 2365 pecuniariam,
1532 2311 1598 2354 cuni
1631 2296 1701 2351 talis
1733 2306 1831 2353 metus
1849 2295 1923 2368 julie

242 2364 317 2440 quia
335 2375 406 2424 tunc
425 2363 573 2438 promissio
592 2361 663 2436 julie
682 2363 716 2420 lit
737 2365 766 2423 in
789 2365 1059 2434 compensationem
1110 2362 1290 2424 incutiatur.
1318 2367 1408 2438 Quod
1435 2380 1534 2424 autem
1556 2369 1597 2424 ali
1621 2368 1717 2424 nando
1745 2368 1836 2438 posset
1865 2371 1922 2428 ali·

242 2441 415 2500 nobilitatis
437 2451 489 2500 aut
508 2437 694 2512 juventutis,
715 2433 989 2510 etl.‘Mulieres,
1021 2439 1056 2500 C.
1109 2435 1177 2510 quis
1199 2436 1269 2511 julie
1288 2439 1542 2508 resilire,stnon
1560 2455 1599 2514 po
1622 2452 1652 2498 et
1672 2440 1824 2512 probare,
1861 2444 1921 2500 hoc

245 2513 418 2588 deDignir.
1108 2525 1163 2581 per
1182 2511 1319 2571 accidens
1338 2515 1367 2571 se
1401 2515 1510 2582 habet,
1529 2516 1555 2572 lit
1576 2513 1800 2574 solidamentum
1822 2515 1926 2574 nollraa

285 2588 459 2647 Notandum
480 2587 523 2648 il.
543 2586 622 2664 quod
642 2583 788 2660 promissio
811 2603 901 2658 poeno
923 2587 1057 2662 apposite
1108 2583 1260 2645 sententiar
1278 2603 1336 2644 non
1356 2589 1465 2648 elidit.
1485 2589 1592 2664 Neque
1606 2587 1720 2646 obstant
1740 2591 1919 2662 segessopra

977 1595 985 1613 .
1013 1553 1059 1610 De
1111 1565 1203 1624 poenae
1222 1565 1281 1610 oon
1299 1551 1339 1610 eil
1358 1569 1453 1629 neque
1473 1567 1579 1612 contra
1597 1556 1811 1628 juinaturulc,
1829 1571 1927 1631 neque
2037 1552 2041 1568 ¹

245 2663 278 2724 in
295 2663 477 2736 sponsalibus
496 2663 527 2719 in
546 2660 724 2720 reslienteni
745 2659 785 2718 est
804 2661 951 2720 illicita&
973 2665 1056 2722 inva·

247 2739 332 2808 lida,
354 2755 390 2797 et
409 2757 435 2796 c.
454 2736 594 2804 Gemma,
615 2738 650 2792 de
669 2736 803 2808 sponsal.
836 2735 907 2810 quia
929 2753 979 2805 per
1001 2739 1055 2795 hu·

243 2813 373 2902 jusmodi
394 2825 511 2885 poenam
534 2806 726 2869 Matrimonii
746 2811 867 2868 libertas
881 2811 1034 2868 lederetur
1044 2831 1056 2878 ,-

242 2903 287 2948 tta
307 2883 339 2946 in
358 2897 444 2944 testu
464 2883 608 2958 prosator
630 2885 705 2944 Cam
724 2882 825 2958 iraque
843 2883 1057 2942 liseraMorri·

244 2961 342 3022 monia
361 2960 410 3030 effe
429 2961 569 3026 debeant,
589 2961 620 3016 st·
640 2956 703 3016 ideo
721 2959 796 3016 talis
821 2957 976 3030 stipulatio
990 2973 1057 3032 pro·

264 3052 307 3094 ter
321 3049 411 3110 pone
429 3030 665 3104 interpofitionem
680 3031 719 3102 fit
738 3031 838 3088 merito
847 3031 1055 3104 improbando.

238 3050 324 3170 ilinc
343 3102 578 3166 communissime
608 3103 713 3164 dicunt
731 3102 874 3161 Dosiores
901 3119 1025 3176 peccare
1046 3145 1056 3177 ,

1109 2661 1224 2730 allate,
1245 2677 1312 2719 nani
1334 2662 1365 2718 in
1392 2675 1507 2721 tantum
1531 2665 1676 2736 seleges
1703 2661 1919 2734 promissionem

1109 2748 1203 2804 prena
1222 2737 1254 2792 in
1284 2735 1463 2808 sponsalibus
1493 2737 1682 2806 irritabant,
1709 2738 1741 2793 in
1771 2753 1920 2812 quantun

1108 2806 1184 2865 olim
1215 2827 1253 2867 et
1272 2809 1342 2884 jure
1361 2809 1459 2868 Civili
1479 2811 1516 2870 ad
1538 2809 1681 2882 sponsalia
1701 2810 1841 2871 solvenda
1861 2815 1921 2872 sus·

1109 2877 1228 2941 siciebat
1249 2901 1269 2940 v
1291 2887 1386 2942 luntas
1408 2885 1494 2943 unius
1516 2887 1633 2957 partis,
1666 2883 1724 2944 site
1753 2901 1821 2944 cuni
1851 2903 1920 2946 sau·

1110 2953 1162 3023 sa,
1183 2956 1241 3015 sve
1261 2975 1319 3016 nne
1339 2959 1424 3016 causa
1443 2958 1611 3028 resiliebat,
1633 2969 1665 3016 ut
1691 2967 1775 3030 patet
1807 2977 1844 3018 eit
1864 2962 1920 3022 lib.

1110 3045 1137 3087 a.
1156 3031 1192 3091 C.
1212 3033 1247 3087 de
1261 3033 1358 3106 spons.
1377 3032 1404 3090 lit
1423 3031 1524 3093 Glosla
1552 3032 1617 3105 ibi;
1642 3031 1691 3089 sed
1711 3031 1748 3090 de
1780 3031 1843 3107 jure
1861 3035 1922 3094 Ca·

1108 3106 1220 3162 nonico
1238 3123 1263 3162 o.
1282 3105 1424 3164 Preterea
1445 3126 1471 3165 ι.
1491 3110 1526 3163 rie
1548 3107 1647 3181 spons.
1678 3106 1801 3163 omnino
1820 3112 1920 3186 requi·

242 3183 295 3260 qui
316 3181 457 3257 sponsalia
475 3196 541 3238 cuni
563 3179 619 3237 bac
641 3194 730 3251 poena
749 3180 960 3247 contrahunt.
991 3181 1055 3239 Alit
1104 3176 1183 3235 titur
1213 3180 1366 3238 consensus
1387 3179 1556 3256 utriusque.
1584 3179 1749 3250 Ceterum,
1776 3183 1806 3238 in
1827 3185 1849 3244 l.
1866 3183 1918 3254 fio.

242 3277 318 3320 vero
339 3257 441 3314 dicunt
462 3252 493 3310 ld
512 3250 568 3312 eise
590 3255 738 3320 mortale,
771 3261 804 3310 ut
825 3252 929 3312 Bonae.
961 3253 1053 3326 quest.

244 3351 273 3393 a.
290 3345 323 3406 p.
341 3333 398 3390 ult.
418 3345 495 3386 nem.
535 3332 592 3388 .(t'
611 3327 756 3386 Salmone.
786 3338 886 3400 cep.1.
919 3347 1054 3400 nempe.

137 3408 142 3415 “
242 3405 311 3466 Alii
331 3417 429 3464 autem
449 3345 568 3460 censent
588 3399 645 3460 esse
666 3401 806 3471 veniale,
828 3411 860 3458 ut
873 3399 978 3460 sanci.
1000 3403 1053 3463 tis.

244 3499 273 3540 i.
293 3479 332 3538 D.
344 3496 388 3554 3ο.
408 3495 475 3536 ma.
494 3477 564 3545 Buff.
585 3494 610 3535 c.
627 3493 672 3533 ir.
693 3489 850 3548 niem.415.
870 3493 933 3532 cum
953 3474 1052 3553 cajet.

242 3556 326 3613 Arm.
345 3553 430 3611 Gerr.
450 3555 481 3610 sa·
502 3553 613 3610 Rebell.
645 3549 713 3610 Hoc
733 3561 832 3607 autem
862 3549 1014 3620 procedit,
1035 3551 1055 3608 si

244 3643 333 3702 poena
352 3638 517 3699 apponatur
529 3642 546 3682 a
559 3623 683 3696 sponsis,
705 3625 753 3680 vel
767 3624 809 3706 ab·
822 3638 922 3680 eorum
935 3623 1055 3681 consan-

242 3702 379 3774 guineis,
400 3711 451 3757 out
463 3699 587 3764 amicis,
607 3707 640 3754 ut
660 3707 860 3753 communiter
875 3707 980 3752 tenent
996 3697 1055 3755 Pa·

243 3781 312 3833 laus
328 3787 400 3848 Μ.
420 3791 498 3828 num.
511 3789 537 3828 1.
556 3769 663 3827 Sanch.
691 3787 768 3826 num.
784 3781 829 3826 tt.
856 3771 887 3826 (5
907 3769 1053 3830 Salmone.

243 3865 386 3916 natm.94.
409 3862 473 3902 cum
492 3844 631 3909 Aversa,
660 3840 729 3913 Lop.
756 3841 783 3898 ἆ
812 3841 948 3916 Corneio.
981 3841 1054 3901 Non

1105 3249 1179 3310 ibid.
1201 3256 1378 3326 approbatur
1398 3267 1549 3332 tamquam
1570 3255 1674 3314 ualida
1701 3255 1728 3312 st
1749 3253 1836 3314 licita
1855 3273 1919 3330 pos·

1107 3339 1147 3382 tta
1166 3325 1300 3386 soluendi
1321 3327 1466 3401 duplum,
1487 3329 1528 3388 tri
1551 3331 1632 3398 lum,
1653 3329 1703 3386 vel
1721 3329 1919 3404 quadruplum

1107 3415 1161 3470 pro
1180 3401 1342 3471 arrhabus,
1363 3419 1434 3478 quas
1455 3405 1517 3474 inju
1542 3420 1558 3460 e
1586 3400 1717 3460 resiliens
1746 3406 1918 3477 acceperit.

1107 3471 1174 3531 Iino
1196 3474 1258 3532 Leo
1277 3475 1445 3548 Imperator
1465 3477 1497 3535 in
1517 3475 1635 3536 Novell.
1656 3479 1700 3536 18.
1720 3478 1735 3551 (
1757 3489 1788 3535 ut
1809 3480 1911 3538 videre

1107 3557 1193 3617 potes
1213 3551 1294 3619 apud
1312 3548 1449 3605 Pontium
1468 3553 1482 3621 )
1501 3550 1629 3618 expresse
1660 3552 1803 3622 approbat
1832 3552 1916 3628 adje-

1107 3616 1236 3678 tlioncm
1258 3635 1349 3691 poena
1368 3622 1399 3677 in
1419 3619 1599 3692 sponsalibus
1618 3635 1724 3680 contra
1754 3623 1920 3684 inconstan-

1105 3701 1173 3760 tes,
1194 3691 1253 3750 five
1272 3691 1377 3766 injuste
1395 3692 1584 3764 resilientes,
1604 3693 1714 3751 addens
1733 3695 1765 3752 id
1787 3697 1842 3755 esse
1855 3695 1917 3769 jam

1103 3766 1319 3825 consuetudine
1340 3765 1513 3826 firmatum.

1144 3840 1295 3909 queritur
1323 3839 1365 3901 11.
1395 3857 1433 3899 an
1463 3838 1534 3916 juste
1562 3837 1693 3899 resiliens
1724 3859 1741 3901 a
1775 3841 1915 3916 sponsali·

242 3938 319 3981 vero
341 3919 362 3977 si
382 3927 547 3988 apponatur
565 3916 601 3972 ab
620 3926 783 3982 extraneo,
803 3929 836 3974 ut
855 3916 947 3972 iidem
982 3916 1051 3978 AA.
1102 3911 1158 3969 bus
1187 3925 1326 3972 teneatur
1354 3915 1471 3972 solvere
1511 3931 1627 3988 pinnam
1665 3916 1833 3987 promissam
1856 3919 1915 3990 ,li

239 4013 279 4056 ex
300 3997 322 4054 l.
341 3993 416 4050 Cum
435 3989 504 4061 ita,
520 3990 559 4048 C.
580 3993 614 4045 de
633 3987 734 4063 spons.
754 3987 859 4046 ·Ratio
881 4027 891 4058 ,
920 3988 991 4064 quia
1021 3994 1052 4050 in

1102 3985 1321 4060 promissionem
1340 3986 1507 4061 juramento
1527 3988 1714 4049 firmaverit?
1732 3990 1835 4051 Prima
1853 3995 1915 4052 sen·

239 4069 337 4144 ptimo
355 4067 422 4124 castr
441 4061 532 4122 etia'm
545 4061 825 4122 minueturlibertas
838 4061 1051 4136 Matrimonii,
1101 4062 1200 4118 tentia
1229 4061 1387 4132 asisinat,
1417 4064 1445 4120 tt
1473 4067 1550 4121 lianc
1580 4076 1684 4122 tenent
1720 4063 1822 4136 Leffios
1859 4069 1913 4130 lib.

240 4140 375 4218 eoquod
395 4137 485 4213 sponsi
506 4136 584 4197 iilud
603 4136 719 4214 possunt
740 4137 841 4207 inire,
868 4155 904 4196 ne
932 4141 1053 4211 propin·

240 4217 312 4293 qui,
332 4217 381 4274 vel
400 4213 492 4272 amici
510 4215 602 4272 talem
623 4225 740 4283 poenam
759 4211 893 4270 solvant:
914 4212 994 4271 secus
1007 4227 1052 4274 ta·

239 4307 307 4352 rnen
327 4287 465 4357 accidit,
485 4303 552 4345 cuni
574 4303 661 4358 poena
681 4297 764 4343 motu
795 4287 914 4358 proprio
945 4289 981 4344 ab
1001 4305 1050 4346 eit·

240 4366 355 4426 transis
385 4361 572 4436 apponitur.
602 4361 749 4418 Proterea
770 4359 984 4418 advertentium
1017 4363 1049 4420 id

237 4439 420 4514 procedere,
440 4436 459 4492 si
479 4434 757 4508 posnageneralitet
773 4447 937 4504 apponatur
956 4435 1049 4494 ctiam

239 4519 273 4572 in
290 4530 357 4571 eum
378 4511 429 4586 qui
450 4509 520 4584 julie
541 4509 671 4575 resiliat,
690 4518 762 4563 tunc
782 4508 860 4564 enim
882 4522 995 4566 certum
1012 4507 1051 4567 cll

234 4587 317 4721 apsis
337 4599 439 4643 omnes
459 4580 677 4658 promissionem
698 4595 790 4655 poena
817 4595 878 4640 non
896 4582 1050 4655 obligare,

251 4681 267 4720 e

276 4735 427 4806 Quaritur
446 4729 473 4791 1.
494 4748 530 4790 nn
549 4728 699 4804 promisso
716 4729 787 4790 talis
808 4746 899 4802 poenae
919 4729 954 4790 st
975 4731 1050 4790 vali-

237 4809 278 4868 tla
295 4811 321 4866 tlt
341 4809 446 4874 licita,
468 4804 488 4862 si
510 4805 668 4879 adjiciatur
686 4803 830 4878 ininjuse
851 4804 1050 4866 resilientem?

238 4881 343 4944 Prima
361 4881 508 4940 sententia
530 4882 599 4938 satis
620 4877 780 4950 probabilis
800 4893 908 4950 negat,
927 4877 953 4936 st
973 4880 1049 4938 hanc

235 4965 343 5018 tenent
362 4955 467 5014 Sancb.
495 4953 548 5014 lib.
562 4973 587 5015 1.
618 4952 656 5012 D.
672 4971 718 5028 30.
750 4971 865 5012 numa.
895 4953 999 5012 Bonae.
1017 4969 1049 5026 p.

1103 4151 1133 4194 a.
1152 4149 1217 4208 cap.
1232 4153 1277 4208 17.
1309 4139 1446 4206 num.56.
1475 4158 1507 4197 v.
1540 4135 1598 4198 Ubi
1620 4175 1630 4206 ,
1662 4138 1735 4199 Mol.
1766 4157 1804 4200 tr.
1825 4159 1852 4201 2.
1872 4143 1914 4204 D.

1107 4225 1171 4279 ¹5¹·
1191 4207 1303 4272 suarez
1322 4213 1358 4266 de
1377 4209 1477 4284 Relig.
1495 4227 1561 4272 rom.
1577 4231 1604 4270 a.
1625 4211 1676 4271 lii.
1689 4229 1715 4272 a.
1739 4227 1861 4292 cap.a3.
1881 4219 1914 4274 ss·
1984 4270 1996 4288 ¹.

1104 4281 1175 4339 Con.
1195 4283 1235 4340 D.
1249 4301 1295 4344 22.
1315 4286 1382 4342 dub.
1394 4301 1419 4356 ς.
1438 4305 1514 4344 num.
1528 4301 1574 4357 25.
1595 4284 1714 4356 Ratio,
1744 4290 1814 4362 quia
1832 4289 1915 4350 'licet

1101 4351 1137 4412 fit
1167 4357 1263 4415 vetita
1290 4355 1441 4429 promissio
1470 4375 1583 4430 poenae,
1604 4375 1783 4420 nontamen
1804 4361 1843 4420 est
1863 4381 1915 4423 ue·

1101 4430 1160 4485 tita
1187 4427 1251 4504 ejus
1272 4432 1399 4498 solutio,
1420 4445 1483 4506 quae
1500 4445 1553 4492 aut
1573 4437 1604 4492 vi
1633 4436 1831 4510 obligationis
1862 4455 1916 4496 nt·
1978 4453 1982 4460 ·

1102 4504 1229 4571 ruralis,
1252 4519 1303 4562 aut
1323 4504 1428 4564 saltem
1460 4506 1619 4581 juramenti
1647 4511 1801 4580 debetur,
1831 4510 1916 4585 jutta

1103 4573 1180 4635 disla
1201 4578 1317 4636 Tomi.
1337 4578 1389 4638 lis.
1400 4597 1425 4654 3.
1445 4600 1597 4666 nummu.
1618 4583 1667 4640 ubi
1685 4583 1794 4642 dissum
1816 4582 1855 4640 esi
1875 4601 1914 4642 eit

1103 4664 1167 4724 cap.
1189 4650 1339 4708 Debitores
1358 4655 1392 4708 de
1406 4655 1541 4732 Jurejur.
1570 4669 1770 4730 juramentum
1799 4659 1914 4730 obliga·

1103 4741 1158 4792 re,
1175 4725 1234 4782 ello
1267 4725 1414 4796 promissio
1443 4728 1519 4787 satia
1546 4729 1684 4788 irritetur
1711 4749 1728 4789 a
1748 4730 1811 4802 jure
1830 4732 1862 4787 in
1879 4748 1913 4788 o·

1102 4796 1182 4854 diunt
1205 4799 1299 4873 iniqui
1321 4801 1499 4872 creditoris,
1519 4815 1607 4876 prout
1627 4805 1667 4862 est
1687 4798 1834 4876 promissio
1854 4807 1910 4867 sni·

1103 4875 1191 4930 uendi
1213 4875 1329 4933 usuras,
1350 4875 1484 4933 secondo
1503 4893 1574 4935 uero
1605 4875 1750 4935 sententia
1774 4882 1914 4949 probabi·

1102 4947 1162 5004 lior
1179 4959 1291 5020 negat,
1308 4949 1335 5006 bt
1354 4949 1433 5007 lianc
1451 4962 1555 5009 tenent
1574 4951 1679 5009 sonci.
1699 4949 1751 5010 sis.
1765 4968 1790 5012 t.
1811 4955 1850 5014 D.
1866 4974 1913 5031 31.

238 5033 297 5090 ult.
316 5047 345 5086 n.
362 5045 387 5085 i.
407 5028 475 5096 Rois.
496 5044 615 5103 capii.
634 5045 669 5084 ee
690 5047 718 5085 n.
731 5046 799 5097 420.
828 5027 958 5084 Conor‘oa
976 5039 1047 5102 pag.
1100 5037 1177 5082 num.
1199 5041 1244 5082 21.
1263 5019 1386 5080 Pontius
1404 5023 1513 5083 lib-ii.
1542 5037 1664 5097 cap-19·
1695 5043 1772 5086 rium.
1785 5045 1814 5100 7.
1843 5031 1915 5098 Bos·
1973 5062 1977 5068 ·

240 5107 308 5175 267.
327 5119 405 5159 num.
420 5117 464 5175 30.
484 5105 514 5158 so·
533 5103 667 5170 Aversa,
688 5101 793 5160 Becco.
814 5105 844 5158 st
864 5101 933 5159 Dic.
965 5105 1047 5176 apud
1094 5093 1155 5178 sss
1176 5109 1304 5179 capii.
1333 5115 1410 5179 num·
1428 5116 1494 5172 443·
1527 5115 1590 5156 cum
1618 5097 1775 5170 furiosa,
1803 5103 1910 5164 Bonae.
1949 5152 1952 5156 .

240 5177 387 5237 Salmone.
407 5177 540 5244 namon.
560 5175 599 5234 Et
619 5175 742 5246 probant
769 5189 805 5232 et
832 5179 855 5235 l.
874 5173 964 5233 Titia
986 5191 1049 5250 ¹34·
1102 5167 1228 5228 fillius·
1255 5173 1287 5227 θ’
1314 5165 1388 5229 Veli·
1421 5169 1578 5244 Pal.p.p.
1610 5191 1689 5232 nom.
1713 5173 1742 5234 6.
1771 5195 1835 5234 com
1854 5177 1911 5233 Go-

236 5253 268 5326 ff.
288 5254 323 5307 dr
341 5249 422 5308 Veri.
442 5249 530 5321 obli'g.
551 5251 599 5306 ubi
621 5249 754 5306 dicitur:
783 5247 956 5318 Inhonestum
973 5251 1049 5306 enim

240 5325 361 5384 viderur
380 5320 598 5396 Matrimonia,
613 5323 675 5396 fine
685 5323 877 5387 eontrabeodo
889 5360 900 5394 ,
914 5323 975 5398 [ive
985 5341 1048 5382 con·

1100 5261 1183 5312 mez,
1211 5245 1320 5303 Covor.
1348 5247 1379 5301 o
1406 5243 1491 5302 Gurt.
1522 5245 1617 5314 Es'cob.
1645 5265 1722 5309 num.
1756 5243 1831 5320 19ss
1847 5268 1912 5308 cunt

1101 5317 1215 5378 Barros.
1244 5317 1322 5392 Arg.
1341 5319 1374 5375 tit
1399 5315 1521 5394 Propos.
1541 5339 1577 5379 ac
1595 5320 1912 5452 sa'm‘m‘e'jisffl
