4317 5784
473 341 568 442 cap.
591 279 672 418 iii
688 341 747 418 m
773 281 1056 439 inpedimentis
1081 333 1340 417 matrimonii.
1367 337 1467 419 nui.
1488 337 1555 418 iu.
1596 359 1598 366 .

214 479 306 526 niune
324 471 395 528 otti'n
416 469 521 530 sanci.
539 471 582 529 ib.
600 489 629 529 n.
653 487 664 527 ι
671 486 697 545 3.
717 473 749 529 ι’
771 487 816 543 ia.
834 465 906 526 Pal.
928 487 956 528 n.
980 485 1025 528 it.

214 541 365 612 Gracina,
385 547 417 602 dt
436 545 552 606 Holzm.
563 547 599 603 ll.
620 563 660 604 ct.
681 563 717 602 ac
737 542 869 603 Salmm.
886 559 948 616 151.
962 561 1026 600 cum

214 616 413 687 Candoris.
434 621 497 678 Per.
518 615 587 676 Dic.
608 617 664 676 dic.
694 616 774 688 Quia
804 617 923 684 aliter,
955 619 1026 674 licet

216 690 407 750 incurrantur
425 693 546 768 quidem
568 707 662 763 poenae
680 690 848 761 raptoribus
867 691 1030 762 imposte,

215 779 275 822 non
289 769 589 825 contrabiturtamen
601 766 844 838 impedimentum
858 765 938 842 quod
949 765 1031 825 Con·

215 839 321 898 cilium
340 841 451 899 indixit
462 849 580 899 tantum
594 841 699 900 savoie
711 841 891 912 mulierum,
911 855 948 899 ne
961 857 1031 898 coa·

216 907 267 969 tte
284 915 414 976 nubant.

209 994 213 1002 '
256 987 342 1047 Nota
362 987 414 1048 liis
430 991 512 1066 quod
532 1008 570 1050 eii
588 990 789 1060 Tridentino,
810 1002 843 1048 ut
863 989 967 1064 supra,
988 991 1032 1044 ul-

216 1069 263 1120 tra
283 1063 554 1136 impedimentum,
574 1079 695 1137 raptor,
715 1068 741 1125 tt
760 1081 863 1122 omnes
884 1065 1030 1123 auxilium

217 1138 255 1194 nd
275 1139 332 1195 linc
353 1139 534 1212 prebentes,
565 1141 720 1198 incurrunt
741 1138 1034 1199 excommunicatio·

219 1226 288 1269 nem
310 1213 373 1286 ipso
395 1213 478 1284 jure.
499 1215 588 1273 Alias
608 1231 682 1272 vero
702 1231 806 1286 poenatt
826 1212 868 1272 ibi
883 1212 1033 1280 indidit,

219 1297 253 1343 nt
272 1287 438 1346 dotationis
459 1290 612 1354 mulieris,
644 1290 797 1355 infamia,
825 1279 1040 1361 iasapacitarie

222 1361 260 1416 ad
279 1361 464 1432 dignitates,
484 1361 682 1421 &amissionis
702 1364 828 1436 gradus,
847 1362 960 1420 nonnisi
973 1357 1037 1436 poit

222 1435 403 1495 sententiam
424 1437 598 1507 incurrunt,
618 1450 650 1495 ut
670 1438 776 1497 Santi.
787 1441 809 1495 l.
820 1456 847 1508 7.
863 1439 901 1498 l).
915 1457 925 1494 i
932 1454 958 1513 3.
969 1456 997 1494 n.
1009 1453 1035 1494 i.

223 1511 257 1566 Ο·
275 1507 369 1570 b'alm.
391 1529 496 1584 mito.
516 1528 583 1571 cum
605 1512 674 1572 Pal.
693 1511 762 1570 Dic.
783 1515 815 1570 θ’
835 1511 903 1572 Per.

259 1582 411 1654 Quaritur
423 1609 448 1646 i.
470 1603 510 1646 an
528 1589 558 1646 iii
578 1586 747 1656 huiusmodi
761 1586 828 1645 casu
838 1587 930 1644 etiam
945 1585 1036 1658 Spon-

220 1656 294 1715 salia
313 1657 369 1717 lint
380 1664 486 1731 nulla,
509 1662 583 1722 sicut
595 1661 852 1720 Matrimonium?
872 1659 1037 1720 Affirmant

222 1729 328 1792 Sancb.
349 1734 389 1792 it.
408 1753 461 1794 tat
486 1779 494 1794 .
515 1741 547 1794 θ’
566 1736 660 1796 5alm.
679 1757 706 1795 ti.
725 1752 790 1809 154.
811 1755 876 1794 eam
896 1735 965 1792 Bon.
978 1735 1037 1791 Ba·

217 1803 286 1890 ιιι,
306 1809 441 1878 Aversa,
491 1809 529 1869 ie.
550 1815 606 1870 etta
626 1811 706 1882 Quia
726 1810 925 1882 (utdicunt)
945 1807 1036 1882 Spon-

221 1877 293 1938 selia
312 1883 598 1944 etieifllibertatein
620 1899 763 1956 erpeium
784 1886 856 1941 sicut
874 1883 1039 1942 Matrinio·

226 1953 300 2011 nint
317 1957 365 2012 leii
381 1966 481 2016 autent
494 1960 624 2030 poenalit
637 1959 899 2025 ritcestentlitur,
919 1959 969 2014 tibi
990 1973 1038 2013 ea·

224 2028 290 2085 dem
311 2031 424 2090 militat
436 2036 533 2091 ratio.
553 2033 610 2092 Sed
631 2034 811 2104 probabilius
824 2032 1038 2090 contradicunt

222 2100 371 2162 LaCroitt
392 2107 414 2164 l.
434 2109 463 2164 ό.
481 2109 512 2179 p'.
554 2127 610 2165 .n.
626 2125 672 2177 ςι.
693 2113 724 2166 dr
746 2107 864 2168 Holzm.
885 2108 921 2161 de
941 2105 1038 2164 Matr.

225 2177 290 2236 nb.
311 2197 339 2236 n.
350 2195 417 2249 ²71·
438 2198 504 2236 eum
522 2123 632 2246 linea,
652 2179 790 2248 Piebler,
811 2179 947 2246 Wiensn.
968 2177 1041 2237 Kri-

222 2261 301 2319 ttter,
320 2251 348 2310 lle
369 2254 461 2324 aliit3
481 2252 563 2311 ratio
582 2255 653 2328 quia
671 2253 824 2326 sponsalia
843 2251 988 2308 minorem
1003 2253 1040 2310 li·

223 2325 373 2384 bertatein
406 2329 564 2400 requirunt
590 2344 680 2400 quam
713 2326 974 2395 Matrimonium,
1003 2343 1041 2382 eo

223 2397 304 2472 quod
325 2399 386 2471 ipsa
407 2401 697 2474 semper'remaaent
717 2399 939 2460 rescindibilia:
967 2418 1042 2485 ergo

223 2488 282 2530 non
308 2478 404 2533 curiit
424 2477 456 2532 iii
484 2476 528 2532 eis
555 2474 661 2533 eadem
683 2476 782 2544 ratio,
814 2491 878 2548 qun
896 2475 989 2532 currit
1012 2491 1043 2532 in

224 2545 451 2618 Matrimonio,
480 2547 561 2624 quod
587 2565 738 2625 nunquam
769 2545 898 2606 rescindi
926 2548 1042 2622 potest.

157 2619 240 2680 1108·
268 2624 457 2694 Quaritura.
476 2621 546 2682 ansi
565 2625 636 2700 quis
648 2623 931 2697 rapiatsoeminani‚
951 2639 1040 2700 quani

225 2695 1046 2846 iniustitiisuiuenti*

370 2817 376 2830 e
635 2813 664 2843 θ’
818 2818 825 2835 ι
1035 2814 1043 2832 Ι

227 2861 314 2979 tit
330 2865 366 3004 l}
385 2847 725 3004 stultitiis
738 2859 1045 2994 rii‘iiir’..⁰‘a‘.·.ii{

232 2992 379 3060 admitti,
397 2997 446 3051 uit
468 2994 547 3050 nibil
568 3007 635 3051 ante
654 2998 689 3050 de
710 2994 828 3068 nuptiis
844 2996 966 3068 agitur.
998 2993 1043 3050 Ex

230 3060 1045 3208 iiialilai'liiisii‘sibliti'sililz·ii·

229 3217 294 3270 lens
314 3213 426 3286 Sponsa
445 3213 626 3275 abducatur.
648 3213 810 3272 Affirmant
830 3217 932 3272 verius
944 3226 1044 3272 tanien

231 3287 337 3347 saut.
356 3291 380 3348 l.
399 3307 425 3348 c.
444 3289 515 3347 Pal.
531 3301 564 3364 p.
579 3307 606 3348 a.
626 3291 652 3363 p.
674 3307 701 3348 a.
722 3307 751 3348 ri.
767 3307 810 3379 ιι.
833 3291 920 3347 Cone.
929 3301 961 3362 p.
997 3305 1043 3364 39.

229 3378 297 3432 me.
318 3362 416 3432 istob.
436 3366 459 3422 l.
484 3381 531 3435 ²7·
550 3364 654 3434 n.585.
675 3382 739 3420 cum
758 3363 819 3433 Sa,
840 3363 931 3423 Hurt.
992 3378 1047 3436 un.¹

230 3435 371 3513 Corneio,
389 3436 547 3505 Candido,
567 3441 599 3495 st·
610 3435 721 3498 band.
735 3457 771 3495 ae
782 3439 874 3498 Salm.
895 3440 917 3498 s.
938 3457 962 3496 c.
978 3457 1043 3497 cum

231 3511 367 3579 Aversa,
394 3509 464 3570 Die.
485 3515 517 3570 ο
536 3512 622 3571 Gutt.
642 3511 678 3570 id
698 3514 777 3570 enim
799 3515 880 3570 clare
901 3512 1044 3583 etprimi-

230 3595 283 3641 tur
301 3580 333 3640 in
351 3585 458 3643 eodem
478 3597 565 3644 tertu
585 3603 655 3644 mox
675 3589 790 3655 citato,
810 3585 861 3644 ubi
881 3585 943 3658 poll
955 3587 1045 3643 rerba·

230 3658 327 3716 relata
345 3657 444 3717 iiatim
466 3659 615 3718 subditur.
645 3661 694 3730 iiie
714 3676 814 3732 rapior
841 3659 904 3717 dici
923 3677 976 3716 non
997 3663 1045 3715 d'e·

230 3733 296 3800 det,
309 3733 388 3789 'cum
406 3732 539 3790 babuerit
567 3734 702 3808 mulieris
722 3734 860 3802 assensum
869 3753 881 3801 ,·
913 3735 944 3787 ‘t'
960 3732 1047 3804 prius

230 3823 294 3862 eam
314 3805 553 3878 desponsaverit,
592 3825 660 3861 uam
679 3807 867 3878 cognoverit,
895 3804 967 3861 lieet
987 3804 1049 3864 Pa·.

230 3895 327 3938 mutes
345 3882 559 3939 reclamarent.
612 3877 668 3935 ade
688 3877 766 3937 resia
786 3895 822 3935 ei
843 3895 879 3935 eo
891 3879 1047 3937 concludit

230 3951 386 4018 Sancbez,
406 3951 491 4010 nullu
542 3949 600 4010 esse
622 3951 874 4021 Matrimonium,
906 3952 926 4011 si
947 3953 1046 4010 stemi-

226 4041 269 4084 na
288 4024 385 4084 invita
402 4025 589 4094 abducant,
608 4025 691 4084 secus
712 4026 730 4083 si
752 4028 875 4096 rolens,
896 4024 948 4084 etii
967 4026 1047 4085 invi·

227 4101 270 4158 tis
290 4099 493 4158 Parentibus:
513 4099 540 4155 n
559 4101 591 4156 in
610 4099 758 4173 principio
777 4113 879 4159 teitus
898 4117 956 4158 iioii
977 4102 1046 4162 ideo

226 4173 341 4232 dicitur
372 4185 473 4244 raptus
491 4187 552 4230 non
571 4174 781 4244 intercedere,
811 4177 882 4248 quia
901 4176 1047 4248 sponsalia

230 4245 459 4380 praczslferint,
486 4245 536 4306 sed
568 4247 641 4324 quia
660 4251 770 4309 mulier
796 4249 983 4311 consentiens
1001 4271 1049 4312 ra·

231 4333 285 4393 pra
318 4334 386 4382 uit.

388 4470 752 4532 munium
827 4473 887 4538 tlt.
963 4501 974 4508 ··

323 4616 452 4696 Quando
471 4619 699 4682 Matrimonium
718 4620 890 4681 invalidum
904 4622 945 4696 fit

390 4731 395 4740 ·
434 4739 438 4747 ,
513 4698 760 4759 revalidandum.

239 4860 318 4914 unp
373 4847 490 4929 uomodo
525 4848 758 4907 revalidandum
791 4847 1049 4919 Matrimonium,

354 4941 364 4973 i
381 4919 448 4985 suit
467 4923 585 4978 nullum
614 4927 645 4979 ob
666 4927 828 4994 consensum
842 4925 970 4996 petum,
998 4928 1048 4982 vel

347 5007 426 5047 metu
444 5001 609 5054 extortum?
628 4997 801 5076 Quomodo,
825 4999 852 5074 fi
871 5002 904 5057 ob
920 4997 1048 5076 impedi·

345 5079 474 5122 mentum
494 5073 659 5128 oecultum?
827 5119 837 5147 ,¹
1030 5078 1033 5082 ’

183 5151 188 5160 ·
236 5155 311 5198 tito
330 5137 373 5214 Q.
397 5137 421 5196 l.
439 5139 490 5196 An
508 5142 542 5196 in
561 5143 753 5220 Matrimonia
771 5150 853 5205 nullo
871 5149 903 5207 ab
923 5147 1050 5224 impedi·

345 5227 475 5294 mentem
493 5219 861 5290 occultirmrevalidando,
882 5223 1049 5282 iterum're·

348 5302 489 5360 queratur
507 5286 658 5357 effitientia
677 5291 801 5352 Paroebi'
811 5332 822 5364 ,
841 5299 871 5354 (a
890 5297 1024 5367 testium?

239 5376 312 5420 ¹¹¹¹
338 5361 433 5444 2¹¹·
487 5365 628 5433 “mma
646 5367 677 5422 θ
686 5368 1053 5446 ttanaoimpetimeatum

268 5471 272 5476 ·
311 5431 378 5514 15¹1.
397 5436 500 5500 Tite.
520 5437 614 5500 Τοιιι.
635 5435 695 5502 ΙΙΙ.

1195 469 1345 535 censeatur
1364 471 1526 530 occuitum?
1548 485 1629 532 iiia.
1649 469 1774 548 Quill.
1788 471 1835 528 Aa
1849 465 1888 540 fit

1190 541 1419 602 revalidandum
1440 543 1666 605 Matrimonium
1687 555 1781 604 corum
1800 542 1889 600 Paro-

1192 616 1259 684 cbo,
1281 621 1311 674 lb·
1332 616 1447 687 restitus
1460 620 1508 691 ,ι
1527 617 1579 694 ipfi
1600 631 1721 696 tempore
1737 615 1887 698 Matrimo-

1193 689 1238 745 nii
1265 689 1401 748 caurauni
1429 707 1512 750 erant
1530 689 1638 760 conscii
1668 685 1890 768 impedimenti?

1196 781 1278 840 1113.
1297 765 1339 844 Q
1350 765 1399 825 ill.
1418 767 1466 823 An
1486 763 1606 840 quifisie
1619 765 1766 838 contraxit
1779 764 1891 824 Matri·

1195 837 1339 910 monium,
1359 855 1490 898 teneatur
1510 859 1546 904 etr
1566 839 1673 910 'ustitia
1683 838 1764 898 illud
1782 835 1893 898 revali-

1196 912 1432 986 dareperverum
1442 917 1539 989 consen
1555 914 1626 976 unii
1647 932 1730 985 itia.
1743 915 1786 992 Q.
1800 907 1894 972 mu

1191 986 1294 1060 fiqui'r
1304 987 1385 1058 fille,
1405 994 1456 1046 vel
1467 1007 1502 1048 ex
1515 1005 1591 1048 meta
1605 988 1773 1055 contraiit,
1795 987 1896 1046 debeat
1995 1018 1998 1024 ,

1199 1063 1325 1120 alterum
1343 1062 1500 1139 conjugem
1520 1063 1673 1123 certiorare
1695 1063 1729 1118 de
1748 1057 1897 1120 marrima-

1199 1133 1245 1192 nii
1265 1134 1427 1194 nullitate?
1451 1152 1534 1207 iii5.
1554 1138 1656 1218 QVI.
1677 1137 1724 1198 Au
1741 1135 1765 1206 fi
1787 1133 1898 1194 Matri-

1196 1209 1322 1266 monium
1345 1209 1413 1280 fuir
1432 1213 1547 1267 nullum
1574 1216 1605 1266 od
1633 1213 1755 1284 aliquod
1774 1205 1899 1281 impedi·

1198 1299 1344 1352 mentum,
1365 1296 1492 1358 oporteat
1513 1298 1547 1340 ut
1568 1303 1631 1342 uter
1651 1305 1685 1344 ue
1701 1279 1899 1354 fiattonstius

1200 1361 1235 1413 de
1253 1353 1416 1416 nullitate?
1448 1359 1531 1418 trid.
1550 1304 1647 1436 Quii
1658 1355 1689 1416 in
1710 1360 1777 1425 casu
1798 1374 1901 1430 arpen·

1200 1432 1242 1490 tis
1259 1431 1450 1504 neceffitatis?
1472 1450 1554 1504 1117.
1575 1433 1617 1512 Q.
1638 1431 1700 1491 Vll.
1720 1425 1897 1508 Quotuplici

1200 1509 1281 1562 modo
1296 1507 1374 1580 poffit
1389 1505 1524 1566 renovari
1538 1504 1600 1575 five
1619 1502 1701 1586 exigi
1714 1505 1862 1576 consensus
1880 1523 1900 1557 a

1191 1593 1285 1658 parte
1303 1577 1400 1650 inscia
1420 1578 1622 1656 impedimenti
1630 1586 1640 1640 s

1091 1751 1114 1805 ,·,
1198 1721 1330 1803 Espond.
1354 1747 1379 1789 i.
1399 1730 1429 1792 Si
1448 1729 1504 1787 suit
1517 1727 1679 1788 invalidum
1693 1741 1815 1800 propter
1828 1739 1883 1786 con
1901 1744 1975 1800 tion

1091 1847 1113 1880 „
1137 1743 1198 1874 R
1221 1806 1333 1864 sensum
1354 1801 1473 1874 fliium,
1495 1806 1542 1868 vel
1557 1813 1824 1868 metuertoitum,
1846 1799 1903 1857 five

1091 1921 1114 1954 „
1135 1899 1170 1940 ex
1193 1895 1273 1950 una,
1294 1880 1352 1938 sive
1371 1896 1407 1936 eit
1428 1892 1554 1954 utraque
1574 1891 1677 1950 parte,
1705 1874 1800 1950 potest
1821 1891 1905 1934 reva-

1092 1995 1114 2027 „
1136 1955 1223 2014 lidari
1244 1971 1296 2029 per
1314 1954 1451 2030 quodcun
1475 1971 1511 2012 ue
1537 1951 1647 2024 signum
1673 1954 1759 2021 veri,
1786 1948 1923 2016 dinoci¹

1092 2069 1113 2102 ,‚
1133 2031 1309 2102 consensus3
1339 2029 1410 2104 quia
1422 2066 1432 2096 ,
1455 1971 1594 2090 {altera
1613 2039 1731 2087 tantum
1754 2042 1819 2112 pars
1840 2019 1906 2110 sisic

1092 2144 1115 2178 „
1135 2105 1304 2171 contraxit,
1332 2103 1488 2162 consensus
1516 2103 1603 2161 unius
1632 2101 1727 2176 partis
1748 2101 1908 2160 habituali·

1092 2217 1114 2252 „
1133 2193 1181 2238 rer
1200 2178 1382 2250 permansit:
1411 2194 1483 2250 ergo
1503 2177 1664 2236 accedente
1695 2175 1816 2237 alterius
1836 2189 1908 2230 con·

1095 2293 1116 2324 ,‚
1137 2253 1219 2314 sensu
1239 2251 1425 2310 revalidatur
1447 2291 1455 2310 .
1486 2249 1616 2312 Sancbez
1638 2250 1690 2307 tit.
1710 2267 1737 2307 a.
1759 2251 1788 2308 d.
1811 2267 1825 2304 ι
1850 2287 1856 2304 .
1878 2267 1908 2307 n.

1096 2365 1118 2398 „
1138 2348 1166 2400 9.
1188 2325 1309 2459 Cogitat.
1332 2327 1362 2384 d.
1385 2341 1430 2398 24.
1453 2327 1483 2386 ti.
1499 2329 1544 2384 ιι.
1564 2343 1643 2408 num.
1664 2323 1710 2396 89.
1730 2321 1810 2382 Naar.
1831 2264 1907 2384 iili.

1095 2442 1116 2474 υ
1137 2403 1206 2461 Bon·
1254 2415 1282 2460 c·

1386 2549 1468 2608 Unde
1487 2549 1630 2616 resolves.

1104 2705 1111 2712 '
1134 2739 1156 2774 „
1181 2719 1206 2760 i.
1226 2697 1257 2758 Si
1279 2709 1394 2768 metus,
1426 2700 1475 2755 vel
1495 2695 1625 2757 desesius
1646 2696 1799 2755 consensus
1820 2692 1911 2758 suerit

1097 2811 1120 2844 „
1141 2775 1268 2834 alterius
1289 2783 1407 2832 tantum
1430 2775 1543 2844 partis,
1564 2771 1727 2832 curandum
1742 2767 1804 2837 est,
1824 2779 1856 2852 ut
1876 2783 1912 2826 ea

1096 2885 1118 2918 „
1140 2849 1245 2908 saliem
1267 2861 1397 2916 norum,
1418 2847 1444 2905 lli
1464 2849 1590 2905 liberum
1605 2843 1912 2909 consensumeliciat,

1096 2959 1119 2993 ‚,
1138 2923 1165 2982 ss
1185 2923 1316 2981 eisternis
1337 2921 1426 2996 signis
1448 2923 1574 2996 prodat;
1599 2923 1687 2980 alteri
1710 2919 1910 3000 autemparti

1097 3035 1119 3066 „
1139 3013 1197 3054 non
1216 3013 1290 3070 opus
1310 2995 1349 3054 eit
1369 2993 1538 3066 declarari,
1567 2995 1692 3068 praeliari
1712 3009 1821 3052 nouum
1842 3005 1913 3048 con·

1093 3109 1119 3144 „
1140 3073 1252 3130 sensim
1275 3071 1311 3129 ad
1333 3076 1466 3129 valorem
1490 3070 1696 3131 matrimonii.
1718 3067 1823 3128 Suari.
1845 3069 1866 3124 l.
1886 3083 1912 3124 c.
2019 3087 2023 3098 ¹

1097 3183 1120 3214 „
1141 3167 1170 3205 n.
1194 3147 1348 3207 io.·Conc.
1367 3147 1437 3206 Bon.
1453 3159 1487 3222 p.
1508 3163 1537 3216 9.
1558 3145 1669 3206 Merit.
1690 3146 1719 3205 d.
1741 3163 1768 3217 7.
1783 3141 1846 3212 stis.
1868 3155 1912 3212 ις.

1096 3257 1119 3291 ti
1140 3237 1216 3280 num·
1236 3237 1265 3290 4·
1552 3231 1564 3243 “

1134 3333 1157 3366 ,,
1176 3293 1205 3353 Si
1226 3307 1351 3370 uterque
1362 3293 1450 3364 itte,
1469 3296 1519 3354 vel
1531 3292 1631 3353 coadie
1643 3291 1843 3358 consenserit,
1862 3305 1914 3346 ne·

1094 3407 1117 3440 „
1138 3366 1212 3427 ceffe
1233 3369 1292 3438 eil,
1313 3382 1345 3427 ut
1367 3381 1494 3443 uterque
1514 3368 1685 3427 consensum
1706 3376 1854 3432 renovet,
1885 3365 1912 3420 dr

1095 3481 1118 3514 „
1138 3444 1237 3501 serbis
1259 3447 1426 3514 exprimat.
1447 3441 1550 3512 Quia,
1578 3459 1646 3502 cuin
1669 3441 1821 3514 utriusque
1842 3453 1913 3494 eon·

1096 3555 1118 3588 „
1138 3518 1236 3576 sensus
1256 3519 1344 3588 plane
1376 3516 1476 3574 nullus
1497 3517 1609 3584 suerit,
1638 3533 1660 3572 ae
1683 3531 1719 3572 ue
1740 3508 1852 3570 necell'e
1874 3509 1914 3569 eli

1098 3629 1120 3662 „
1141 3607 1301 3658 revocare,
1322 3589 1531 3658 &declarem
1551 3589 1617 3648 acsi
1638 3533 1745 3646 tabum
1759 3601 1912 3661 nunquam

1097 3703 1120 3736 υ
1142 3663 1261 3733 fuiss-it,
1283 3665 1397 3722 Meni·
1418 3666 1441 3722 i.
1462 3681 1486 3720 c·
1507 3683 1535 3724 na
1559 3679 1585 3738 J·
1888 3664 1897 3746 Ι,

1138 3775 1160 3808 ,,
1182 3739 1271 3810 Resp.
1292 3755 1320 3796 a.
1340 3738 1369 3797 Si
1391 3736 1556 3795 invalidum
1576 3733 1635 3795 suit
1656 3745 1775 3808 propter
1789 3730 1915 3818 impedi·

1097 3849 1121 3882 „
1142 3829 1276 3871 menium
1305 3810 1593 3884 consanguinitatis,
1622 3808 1705 3866 verbi
1725 3819 1841 3881 gratia,
1862 3807 1913 3864 vei

1098 3924 1121 3957 „
1141 3885 1222 3946 aliud
1243 3887 1337 3944 simile
1357 3887 1509 3944 occultum
1531 3886 1694 3952 dirimens,
1715 3897 1785 3941 tunc
1806 3897 1842 3938 eo
1862 3897 1914 3954 per

1099 4000 1121 4031 „
1142 3960 1412 4033 dispensationem,
1434 3962 1480 4018 vel
1495 3961 1584 4018 aliter
1603 3958 1738 4026 sublato,
1758 3970 1848 4031 atque
1868 3957 1914 4040 ita

1099 4073 1122 4106 „
1143 4036 1274 4108 personis
1294 4035 1580 4094 adcontraiiendum
1603 4032 1793 4098 habilitatis,
1814 4045 1913 4104 requi·

1100 4147 1122 4180 „
1143 4108 1220 4168 titur
1240 4125 1336 4169 novus
1347 4107 1501 4184 utriusque
1522 4107 1695 4174 consensus,
1718 4105 1796 4178 signo
1815 4119 1913 4164 eitter-

1100 4222 1122 4254 „
1143 4201 1182 4241 no
1201 4185 1366 4258 expressus:
1387 4183 1414 4240 dt
1434 4183 1575 4257 quidem,
1603 4193 1637 4239 ut
1656 4181 1841 4254 probabilius
1860 4178 1912 4244 dat·

1101 4295 1123 4328 „
1144 4273 1192 4317 cet
1203 4259 1334 4320 Sanchez
1354 4258 1376 4316 i.
1390 4273 1416 4332 3.
1439 4261 1468 4318 d.
1481 4259 1525 4328 36.
1542 4256 1710 4324 absolutuS,
1733 4251 1911 4325 &indepen-

1101 4368 1123 4403 „
1144 4331 1217 4390 dens
1238 4333 1273 4388 ab
1302 4332 1446 4416 antiquo.
1477 4319 1573 4389 Ratio
1592 4328 1649 4397 eli,
1678 4331 1748 4404 quia
1776 4331 1911 4386 neutrius

1042 4407 1047 4419 '
1101 4405 1300 4476 „consensus
1322 4416 1460 4477 antiquus
1482 4406 1539 4462 suit
1560 4407 1732 4478 legitimus,
1763 4419 1831 4463 cuin
1853 4415 1913 4460 nou

1102 4517 1124 4554 „
1148 4479 1270 4540 caderet
1290 4481 1322 4538 in
1343 4479 1513 4553 legitimam
1535 4479 1716 4540 materiam.

1388 4629 1469 4688 Unde
1489 4633 1629 4702 resolues.

1031 4763 1038 4790 ’
1102 4836 1104 4845 ,
1141 4817 1163 4850 ,ι
1183 4768 1216 4842 Si
1232 4783 1288 4840 tali
1309 4775 1378 4841 casu
1398 4782 1494 4842 altera
1515 4793 1580 4856 pars
1601 4779 1639 4838 st
1653 4779 1757 4853 ignara
1786 4773 1912 4848 impedi·

1103 4855 1126 4924 3,
1138 4857 1259 4923 menti,
1282 4857 1332 4914 vel
1351 4857 1522 4924 dubitetur,
1544 4873 1581 4914 an
1601 4854 1693 4922 sciat,
1714 4854 1766 4912 illa
1781 4853 1912 4934 suaviter

1102 4965 1123 4999 „
1145 4929 1311 4988 inducenda
1331 4929 1371 4989 cll
1391 4930 1427 4990 ad
1447 4945 1558 4988 novuni
1588 4929 1757 4988 consensum
1779 4927 1910 4984 absoluto

1102 5041 1124 5076 „
1144 5003 1353 5077 preliandum,
1383 5005 1511 5064 dicendo
1531 5024 1561 5066 v.
1581 5023 1609 5076 g.
1630 5003 1659 5062 Si
1682 5003 1759 5058 milii
1780 5015 1838 5060 non
1857 5016 1911 5056 nu·

1102 5115 1124 5148 „
1146 5077 1264 5150 psisses,
1294 5093 1394 5137 nonne
1414 5079 1503 5138 modo
1530 5077 1675 5136 nuberes?
1704 5079 1773 5136 velt
1804 5075 1912 5147 Angor

1103 5190 1125 5223 ,‚
1145 5153 1291 5225 scrupulis
1311 5157 1347 5211 de
1371 5150 1556 5210 matrimonii
1577 5149 1665 5210 nostri
1685 5155 1808 5221 valore,
1827 5151 1912 5207 ideo·

1101 5265 1124 5298 „
1145 5245 1201 5302 que
1218 5225 1592 5286 renoitemusconsensum.
1613 5225 1730 5302 Quodsi
1745 5225 1815 5294 liat,
1836 5225 1912 5283 suffi-

1108 5338 1129 5371 „
1150 5319 1217 5360 cere
1245 5303 1259 5374 (
1281 5303 1439 5374 piraieitim
1461 5297 1479 5355 fi
1500 5301 1637 5377 sequatur
1656 5299 1760 5364 affetu
1781 5298 1913 5362 maritali

1109 5414 1130 5447 ‚,
1150 5379 1283 5450 copula)
1304 5377 1392 5433 docet
1402 5373 1552 5468 Quintam.
1563 5380 1687 5452 append.
1700 5393 1722 5436 t.
1731 5397 1760 5454 7.
1774 5379 1803 5436 d.
1814 5377 1871 5432 ult.
1884 5375 1916 5441 Si

1551 5447 1581 5516 G
1832 5463 1883 5506 ait·
