4317 5784
265 228 395 334 ⁴idq
547 210 552 220 ¹
707 285 710 291 -
847 246 851 251 ’
930 229 1054 315 Praxis
1079 230 1294 313 Confeffatii

265 372 333 425 'ante
359 368 511 425 formatum
544 362 646 434 (quod
662 364 824 424 virtualiter
840 364 1013 437 perseuerat,
1038 363 1071 422 li·
1123 366 1180 422 bac
1199 363 1390 425 elidamonle
1407 365 1545 425 tentatio.
1564 364 1644 422 Unde
1664 366 1942 432 saniciccium:
2009 406 2010 411 κ

265 447 311 493 cet
336 447 404 493 tunc
430 438 467 493 ob
485 438 623 505 impetum
642 438 755 493 timoris
780 451 837 491 uon
857 436 1018 491 advertatur
1035 434 1072 503 )‘,
1125 434 1206 509 lefius
1237 434 1272 492 fic
1290 436 1391 493 docet:
1427 432 1607 507 Conseffarins
1631 452 1684 491 noir
1709 435 1743 509 esi
1774 441 1929 501 variandus
2003 441 2008 459 ‘

266 506 404 562 nimirum
422 506 498 573 quod
516 505 571 572 ipse
589 521 648 560 non
666 520 781 575 peccat,
829 505 945 576 uioquid
963 498 1072 573 a‘qendo
1117 498 1178 574 fine
1227 502 1292 559 ravi
1319 505 1445 564 rarione.
1482 509 1529 561 §ed
1547 517 1640 560 contra
1657 522 1742 575 neque
1759 509 1865 581 expedia
1896 512 1928 567 in

266 574 343 642 quod
360 588 467 631 certum
487 586 633 641 peccatum
660 591 718 631 non
737 578 860 641 agnouit
869 591 882 640 ;
909 586 978 629 tunc
991 574 1072 654 'enim
1124 572 1171 629 boc
1188 521 1237 643 effic
1253 573 1446 653 invariabile,
1470 570 1495 641 li
1510 572 1644 643 legitime
1658 578 1749 647 cause
1767 578 1932 637 mutationis

263 658 321 699 iton
340 656 438 700 contra
455 646 675 713 conscientiam,
693 644 737 697 sed
756 654 854 699 contra
874 642 1072 697 vanumrlloto
1121 644 1156 710 sn
1176 654 1337 699 inveniant.
1374 645 1503 701 ceterum
1530 644 1601 699 dicit
1627 646 1652 700 S.
1672 644 1805 703 Thetesia
1834 645 1932 712 iniiam

264 712 397 768 timorem
416 724 546 778 operatur
565 712 640 781 (a).
676 716 808 768 Firmiter
825 709 915 779 igitur
932 707 1073 765 contesta-
1109 716 1139 766 'e
1163 710 1265 781 eposse
1282 712 1390 769 causam
1412 710 1536 770 mutandi
1555 710 1775 780 Centenarium,
1794 714 1930 775 deieuuni

263 779 500 850 rluc·bujusmodi
520 782 668 847 poenitenti
690 792 856 849 praeoptet,
875 778 1073 848 uricmpuluro
1126 778 1280 849 bonitatis,
1310 780 1348 835 ita
1367 782 1516 852 inquienti
1553 778 1581 835 Si
1598 776 1781 855 confeffaii'na
1797 784 1940 855 proclivis*

263 850 362 905 vincat
381 848 408 907 tr
425 849 578 918 despiciat,
597 852 681 905 libere
699 853 806 919 agendo
826 850 853 903 id
871 849 947 915 quod
965 852 1075 915 scrupu·
1124 847 1213 905 alicui
1237 848 1365 905 vanitati
1395 862 1549 923 appareat,
1575 863 1717 921 mntetnr3
1743 869 1804 908 crim
1822 854 1882 924 ipse
1892 848 1932 925 fit

263 918 307 975 lui
325 921 351 977 ei
371 929 471 974 retat·
500 917 528 975 de
547 920 656 985 insuper
672 919 831 989 injungat,
849 918 925 983 quod
951 915 1073 985 potiino·
1124 936 1234 984 vanni,
1262 936 1348 975 vanos
1366 922 1435 977 alios
1451 916 1564 991 efficiet.
1600 922 1745 991 Propterea
1773 924 1877 991 poterit
1894 925 1931 979 es.

263 983 331 1047 dum
352 986 386 1045 de
404 956 618 1057 illo³uunquam
637 1004 689 1045 uec
706 984 826 1043 omnino
843 979 1026 1044 confiteatur.
1126 987 1153 1043 se
1172 984 1237 1050 iulia
1255 991 1333 1043 causa
1354 996 1481 1047 mutandi
1499 982 1621 1068 desidio
1638 986 1793 1054 dodiiinn‘c
1824 992 1858 1047 de
1876 994 1938 1049 lioc·

1074 1074 1078 1082 ·
1118 1068 1220 1112 tamen
1240 1068 1344 1112 certam
1372 1071 1484 1125 oportet
1503 1058 1852 1125 baberipiiisumrioiieni.
1890 1062 1933 1119 De

378 1124 403 1197 ᾖ.
415 1127 470 1183 ill.
488 1126 627 1191 Quomodo
640 1128 775 1196 i'egerere
793 1125 883 1180 deleat
900 1140 962 1181 cnm
1073 1143 1076 1150 ’
1127 1137 1237 1191 cetero,
1264 1125 1346 1183 aits.
1366 1127 1516 1192 Theresia,
1542 1125 1944 1197 quoidedubiicbenepoe

536 1195 657 1267 personis
673 1185 798 1253 devotis?
1128 1191 1180 1275 tesi
1210 1197 1347 1261 poenitent
1373 1199 1446 1255 alios
1472 1191 1568 1253 duduc
1592 1191 1740 1253 diredoter
1771 1198 1934 1269 conruere,

471 1289 473 1292 -
1129 1279 1190 1317 imo
1215 1265 1365 1329 anquando
1396 1268 1451 1323 linc
1480 1266 1600 1323 omnino
1625 1264 1755 1331 expedit.
1789 1283 1817 1333 4,
1838 1269 1942 1327 cium·

267 1348 312 1402 99.
381 1332 492 1390 Eisonir
520 1332 810 1403 deratiocinatus,
839 1348 900 1403 que
917 1332 1076 1410 frequentet
1128 1330 1314 1389 Consessaiiur
1343 1336 1489 1399 partialem
1518 1336 1544 1390 se
1571 1330 1711 1389 ostendere
1739 1348 1805 1391 curti
1834 1338 1932 1407 atiquo

396 1403 532 1460 accedunt
552 1405 855 1470 idCommunioiiem,
874 1404 1014 1458 ordinarie
1033 1404 1063 1456 lo
1125 1404 1299 1471 poenitente.
1324 1404 1447 1469 Quidam
1465 1405 1501 1462 ad
1519 1405 1641 1471 aliquam
1659 1402 1747 1459 enimi
1766 1406 1933 1464 benenom.

175 1465 178 1468 ’
264 1472 395 1541 qiiendo,
415 1471 630 1542 insinuandum,
658 1487 689 1529 ut
708 1476 801 1528 saltem
820 1473 850 1526 in
867 1471 990 1538 qualibet
1008 1471 1072 1525 beb·
1124 1470 1193 1529 tiam
1222 1469 1308 1527 nimis
1326 1470 1462 1535 adiiciunt
1473 1493 1486 1542 ,·
1520 1488 1585 1531 cum
1604 1474 1658 1530 illi
1676 1488 1789 1529 omnem
1808 1488 1940 1542 curant,

263 1540 384 1596 domada
412 1544 647 1598 sacramentalem
675 1538 1072 1618 absolutionem·suscipiant..
1120 1538 1258 1605 sempor,
1287 1538 1313 1596 de
1342 1543 1466 1601 laborem
1496 1544 1655 1609 insumunt,
1686 1558 1742 1615 noo
1771 1543 1942 1610 negandum·

262 1609 433 1671 Huiusmodi
453 1611 637 1679 poenitenter,
665 1609 814 1665 dianium
833 1609 867 1664 de
886 1602 1070 1675 impeiieetio
1123 1609 1199 1676 quod
1226 1610 1319 1678 aliqua
1346 1608 1440 1670 anima
1465 1610 1630 1681 quandoque
1655 1610 1756 1671 maiori
1787 1609 1927 1679 indigebit

262 1679 348 1733 nibus
372 1676 547 1734 confitentur
570 1694 632 1746 quar
657 1693 713 1733 non
733 1680 893 1746 pertingunt
923 1676 957 1731 ad
976 1679 1083 1744 culpat<
1123 1675 1288 1745 assistentia,
1305 1696 1390 1749 quam
1410 1684 1482 1747 alia;
1502 1680 1544 1736 sed
1561 1681 1615 1734 alia
1634 1674 1671 1733 est
1685 1674 1850 1746 affidentia,
1868 1676 1925 1735 alia

261 1757 339 1801 certe
358 1746 501 1814 veniales,
519 1746 590 1803 dicit
604 1746 739 1803 Ronaoina
751 1746 800 1816 (l)
818 1748 870 1802 bor
886 1735 991 1800 taioni
1012 1744 1069 1812 pos·
1122 1745 1159 1801 eli
1178 1746 1313 1815 adhesio,
1343 1766 1402 1816 qua
1420 1748 1523 1816 efficit,
1549 1760 1582 1803 ut
1600 1745 1709 1813 parcior
1725 1760 1791 1804 cure
1810 1748 1845 1803 de
1862 1748 1927 1805 aliia

263 1815 291 1870 ie
309 1814 355 1870 sub
374 1816 539 1871 conditione
550 1833 562 1881 ;
581 1816 624 1871 sed
644 1818 697 1872 lioc
716 1832 773 1871 nori
791 1814 1070 1870 admittendumccn·
1123 1818 1324 1882 poenitentibus
1344 1819 1493 1875 habeatur.
1511 1818 1580 1875 ideo
1597 1816 1746 1883 expediet,
1763 1814 1839 1885 quod
1851 1818 1927 1871 Con·

266 1884 330 1946 seo,
357 1881 408 1937 nisi
429 1900 559 1951 perraro,
583 1883 612 1940 de
629 1900 695 1941 cuin
715 1884 763 1951 ipsi
781 1899 838 1938 non
859 1881 965 1954 potierit
985 1893 1070 1938 mate·
1122 1884 1250 1942 sessatiur-
1273 1887 1390 1955 personia
1419 1886 1461 1942 illi
1489 1884 1671 1951 indiqentiori
1700 1884 1821 1952 aliquam
1850 1884 1939 1940 diem

133 1979 135 1983 ·
228 1991 232 1996 .
262 1952 335 2006 tiam
353 1966 459 2007 certam
479 1954 622 2017 preterita
642 1954 705 2009 iiior
723 1950 871 2021 alligante,
891 1953 935 2005 oei
950 1968 1004 2006 non
1017 1950 1072 2007 sine
1122 1968 1172 2011 aut
1190 1951 1629 2037 tempustperticulareasfiqnet,
1660 1950 1727 2022 quin
1746 1950 1796 2008 alii
1824 1953 1929 2011 incunt·

262 2032 366 2088 magna
391 2021 533 2078 molestia.
568 2024 700 2077 Celerum
728 2023 814 2100 dico,
839 2022 917 2091 quod
945 2020 963 2074 sl
984 2020 1071 2091 pomi·
1125 2024 1239 2081 modum
1260 2038 1410 2093 recipiant.

261 2101 326 2145 tens
353 2101 458 2147 certam
490 2107 546 2146 non
573 2092 686 2147 exbibet
714 2103 880 2157 materiam,
910 2106 966 2144 non
991 2090 1072 2145 debet
1161 2108 1218 2149 iot.
1238 2094 1401 2153 Notandum
1420 2108 1446 2163 ς.
1473 2092 1549 2163 quod
1576 2092 1606 2149 in
1625 2088 1797 2160 excipiendis
1815 2090 1929 2148 Conses.

262 2156 454 2215 Conselsariue
480 2160 543 2226 angi
572 2160 601 2215 in
628 2176 690 2215 eam
711 2159 912 2228 perquirendo,
940 2160 1070 2218 utillum
1125 2160 1245 2219 sionibus
1273 2164 1372 2221 barum
1399 2165 1575 2231 personarum
1600 2160 1788 2229 spiritualium
1815 2160 1928 2216 conset·-

261 2226 409 2292 abtosvat5
429 2226 455 2282 dr
474 2231 534 2283 casu
553 2245 611 2295 quo
629 2227 815 2297 perquifilset,
833 2231 885 2285 nec
904 2226 1070 2296 invenisset,
1124 2232 1208 2289 sarius
1234 2248 1333 2289 cavere
1352 2235 1459 2302 deber,
1492 2248 1527 2287 ne
1553 2232 1639 2287 nimia
1665 2232 1777 2287 attollet
1810 2243 1929 2297 uocem,

262 2308 333 2374 non·
348 2308 459 2351 tenetur
485 2298 510 2352 ei
538 2298 761 2377 conditionatam
783 2298 992 2354 absolutionem
1020 2297 1072 2352 im·
1123 2301 1253 2371 quamuis
1277 2303 1311 2358 de
1332 2305 1452 2369 peccatis
1478 2316 1534 2359 non
1555 2304 1702 2370 loquatur:
1728 2298 1794 2367 quia
1820 2314 1854 2353 eir
1874 2299 1928 2353 lioc

263 2376 385 2433 pertire.
423 2367 486 2445 iioc
516 2367 662 2434 procedit,
693 2383 757 2422 cum
786 2368 926 2433 poenitens
953 2362 1068 2445 conlite-
1124 2368 1376 2439 acciderepotest,
1405 2370 1481 2441 quod
1508 2372 1555 2427 elii
1582 2368 1766 2437 eimuescant
1793 2368 1853 2423 luae
1871 2371 1940 2423 cul--

260 2444 311 2488 (Ψ
339 2431 405 2501 (ut
424 2432 517 2513 Μ)
545 2436 579 2491 (¹²
596 2432 766 2503 desestbus,
794 2435 830 2490 de
847 2436 946 2504 uiribus
963 2435 1069 2491 dubita·
1127 2455 1175 2507 pas
1200 2437 1349 2509 confiteri,
1376 2444 1413 2497 ob
1436 2442 1510 2498 bunc
1536 2440 1667 2497 timorem
1694 2436 1772 2506 quod
1789 2434 1929 2492 Consilia·

260 2514 327 2568 ¹⁰¹,
355 2518 392 2557 ²⁰
422 2515 581 2571 iminium
605 2507 641 2562 ad
670 2506 810 2573 venialia3
839 2517 868 2562 at
895 2503 914 2559 si
940 2505 975 2559 de
989 2506 1074 2559 certis
1125 2506 1257 2564 tiuealta
1278 2525 1348 2565 voce
1367 2512 1513 2577 loquatur..
1531 2510 1557 2565 6.
1578 2510 1645 2562 Non
1664 2505 1931 2571 sir-incilispeiniii·

264 2571 423 2652 venialibus
449 2572 696 2653 coniitcturpsed
725 2576 880 2653 usualibus,
909 2571 1086 2653 niequeti<
1125 2587 1184 2635 tere
1201 2576 1313 2635 devotis
1330 2578 1448 2643 puellis,
1469 2589 1499 2631 ut
1517 2574 1633 2651 capillus
1651 2572 1816 2639 mariunn,
1833 2571 1928 2629 diali·

261 2640 378 2708 dranis,
404 2654 472 2709 puta
491 2644 525 2698 de
544 2644 748 2711 impetrentiis,
776 2653 1013 2719 intemperantium,
1031 2640 1073 2697 di·
1124 2658 1208 2710 quem
1227 2645 1344 2701 induant
1361 2646 1488 2699 bibitum
1508 2641 1684 2708 religiosumq
1718 2640 1761 2719 sed
1779 2650 1877 2719 curet,
1897 2654 1930 2699 ut

262 2706 457 2767 straminibus
476 2711 505 2767 iti
524 2710 638 2782 officio,
657 2713 685 2767 iii
704 2711 850 2777 oratione,
869 2710 895 2764 ἃ
915 2709 1073 2777 similibus,
1125 2712 1187 2777 ipsa
1211 2714 1292 2780 prius·
1318 2714 1503 2777 permultum
1523 2720 1634 2775 tempus
1660 2710 1689 2763 in
1709 2719 1768 2763 vita
1781 2709 1927 2777 ‚spirituali

181 2848 186 2861 ι
264 2791 297 2836 ut
324 2779 463 2861 ablolotio
490 2782 531 2837 iili
560 2779 670 2862 praeberi
698 2774 796 2847 poffit,
822 2775 1002 2860 spectandum
1015 2774 1072 2845 esi,
1124 2778 1152 2835 ἀ
1170 2780 1374 2860 invirtutibus
1388 2776 1478 2859 'fitius
1505 2779 1612 2858 radices
1639 2776 1823 2855 immiserint=
1862 2780 1927 2833 l’ro·

260 2848 1069 2993 tillitliiiitsltalltlil?initialibus:
1123 2860 1194 2983 iiie
1209 2846 1309 2983 titi,
1324 2842 1932 2983 illitu‚lilliiiitillflt'iiibt

261 2984 497 3113 {imilitll‘
514 2986 784 3110 ‘libelii
797 2984 918 3109 liiii}
935 2982 1069 3107 ltili
1125 2988 1223 3111 liiii
1242 2984 1454 3121 iiiiii
1467 2984 1548 3109 liii
1567 2980 1790 3107 stilibi
1812 2982 1937 3107 iiii?

262 3072 378 3190 titali'trio.c
395 3128 421 3180 E
437 3070 593 3187 convitio,
611 3122 629 3177 si
649 3123 700 3178 ille
716 3120 875 3189 frequenter
893 3120 919 3176 dr
939 3120 994 3175 sine
1006 3066 1073 3177 tiesi-
1125 3135 1157 3178 ut
1174 3140 1191 3178 a
1212 3069 1279 3179 v⁷iris
1296 3068 1580 3190 doceanturplegere,
1605 3065 1732 3176 &iente
1751 3120 1845 3175 minue
1863 3089 1929 3176 iens

156 3246 170 3267 ‚
260 3191 364 3250 dentia
383 3194 411 3250 in
431 3189 592 3260 hujusmodi
612 3189 697 3259 culpe
714 3193 833 3259 relapsus
850 3188 902 3259 fit,
921 3201 989 3246 tunc
1007 3205 1072 3245 cum
1125 3192 1204 3250 bere.
1239 3193 1319 3259 Quot
1337 3194 1434 3260 puella
1454 3190 1604 3261 simplices,
1630 3190 1697 3257 quia
1715 3186 1873 3245 didicerunt
1889 3189 1936 3245 ier

260 3276 299 3319 eo
316 3262 455 3333 agendum
482 3273 699 3329 tanquamcum
718 3260 866 3329 recidivo,
897 3258 972 3325 iuxta
999 3256 1074 3317 dicia
1124 3277 1207 3330 gere,
1232 3261 1335 3317 anima
1360 3256 1492 3324 iadiuiam
1521 3256 1636 3316 iuuere!
1675 3260 1740 3313 l-lac
1768 3253 1787 3311 si
1814 3272 1869 3313 non
1888 3254 1927 3313 est

265 3346 301 3388 ex
320 3346 452 3397 nannai,
647 3320 738 3361 ·f
753 3358 759 3365 ·
1126 3330 1253 3400 proxime
1279 3331 1384 3400 peccati
1410 3328 1537 3393 occaso,
1561 3329 1656 3406 saliem
1685 3324 1724 3383 est
1753 3340 1811 3381 non
1831 3340 1926 3393 parum

301 3416 359 3453 roo.
388 3400 469 3455 Plura
497 3398 608 3466 insuper
634 3399 682 3456 liic
709 3397 857 3469 notanda;
885 3398 955 3456 &a
972 3408 1072 3455 careat
1125 3399 1292 3469 periculosa.
1319 3400 1347 3453 si
1365 3398 1486 3465 cupiunt
1505 3397 1571 3453 talia
1589 3396 1861 3474 addisceteqcurent
1878 3395 1926 3451 do·

258 3466 471 3536 Confessariuc,
498 3485 534 3524 nc
552 3470 599 3525 liis
616 3471 669 3526 suis
695 3470 898 3538 poenitentibus
924 3468 1070 3533 spirituali·
1124 3469 1180 3524 ceti
1199 3470 1233 3523 ab
1251 3468 1345 3535 aliqua
1364 3470 1418 3523 alia
1440 3466 1573 3533 muliere,
1601 3477 1650 3523 eut
1668 3468 1702 3519 ab
1720 3463 1819 3542 aliquo
1832 3464 1927 3542 ¹statie

192 3558 195 3561 ·
265 3539 334 3604 bus,
365 3538 511 3601 presertim
531 3537 645 3595 seminia
668 3538 961 3605 probibeaticcediie
989 3537 1071 3595 ada·
1124 3540 1242 3606 paruulo
1270 3534 1521 3600 (dtadhuccum
1542 3534 1706 3603 cautela),
1732 3534 1860 3600 alioquin
1878 3549 1927 3590 eae

264 3608 336 3662 lium
355 3606 559 3665 Consesiariuin
572 3622 582 3676 ;
595 3607 627 3663 ’ἃ
646 3623 711 3663 tum
730 3607 851 3665 advertit
869 3602 1022 3675 accessisse,
1039 3620 1070 3660 n
1122 3622 1179 3663 nori
1198 3607 1341 3675 absoluat3
1361 3622 1412 3663 nec
1431 3606 1515 3661 etiem
1534 3606 1656 3661 absolvat
1677 3612 1782 3679 matres·
1796 3616 1856 3679 que
1871 3600 1929 3681 boc

261 3676 370 3732 flendat
396 3676 426 3733 id
445 3675 620 3744 fibiqiaiuni
639 3674 736 3736 suine:
767 3674 1071 3745 imoipnsimpomr,
1158 3674 1308 3733 imittunt.
1343 3672 1369 3729 i.
1399 3673 1645 3741 Nequecuncedat
1673 3671 1799 3727 soeminit
1818 3686 1928 3750 tuvent-

262 3759 295 3802 ut
314 3745 467 3815 aliquando
483 3747 557 3814 apud
573 3746 645 3804 alioe
662 3742 872 3810 conmeantum
890 3755 1070 3815 preterquam
1143 3760 1174 3800 ur
1193 3757 1224 3801 ut
1243 3756 1362 3813 repetit,
1390 3742 1524 3800 Ecclesia
1544 3740 1695 3807 visitando,
1721 3750 1856 3807 utque-in
1878 3742 1930 3795 Ec·-

262 3814 282 3869 si
301 3814 449 3883 quiuisset
476 3816 557 3871 ualde
574 3812 762 3881 scrupulosus,
787 3813 822 3870 de
846 3829 903 3881 quo
922 3817 1071 3882 prudenter
1121 3812 1203 3870 clusa
1223 3824 1385 3881 morentur,
1410 3814 1470 3881 plui
1487 3826 1569 3880 quini
1588 3809 1628 3866 eit
1644 3807 1845 3877 necessarium,
1861 3822 1932 3865 cunt*

262 3886 382 3950 timeat,
403 3900 437 3938 ne
456 3882 475 3937 i
495 3884 529 3937 ad
546 3884 635 3937 aliurn
653 3884 766 3937 accedat
782 3881 833 3950 qui
851 3881 914 3946 eiua
929 3882 1070 3939 conscien-
1123 3883 1331 3951 perturbatione
1348 3894 1518 3950 parentum;
1549 3879 1592 3955 sed
1610 3894 1656 3935 eaa
1674 3888 1808 3943 moneat,
1836 3889 1867 3932 ut
1884 3890 1931 3934 at·

262 3952 334 4005 tiam
354 3954 483 4017 ignorat,
501 3950 664 4005 notabiliter
682 3948 748 4005 esset
766 3950 982 4016 inquietandos.
1015 3952 1069 4007 Ca·
1122 3952 1238 4008 tendant
1255 3951 1297 4009 eis
1316 3966 1426 4019 patere,
1455 3951 1561 4005 laborer
1578 3944 1745 4004 domesticos
1763 3940 1928 4009 ampiecten-

263 4030 331 4071 veat
348 4017 453 4085 pariter
471 4014 676 4083 Confessaiiue,
706 4032 742 4071 ne
758 4018 910 4075 sollicitum
936 4019 963 4074 se
980 4016 1067 4075 oileri-
1122 4020 1179 4077 do.
1214 4019 1368 4086 Quomodo
1393 4032 1504 4085 autent,
1534 4016 1560 4074 de
1587 4027 1721 4085 quantum
1740 4012 1931 4071 confessarius

263 4086 333 4153 dii,
354 4086 393 4139 ‘se
409 4085 481 4140 uelle
498 4080 615 4149 alieuius
632 4086 732 4141 animia
749 4082 929 4141 diresiioneiu
956 4088 1068 4156 suscipe·
1122 4103 1222 4144 cavere
1254 4089 1351 4144 debeat
1382 4102 1398 4143 e
1428 4087 1622 4143 semiliaiitate
1653 4086 1762 4141 suarum
1790 4084 1929 4155 tioeniten·

264 4169 312 4208 re.
347 4168 375 4208 2.
404 4155 554 4221 Nunquam
581 4154 678 4221 ibique
703 4152 859 4210 neceffitate
888 4156 923 4209 ile
947 4154 1068 4212 eliorum
1121 4158 1214 4225 tium,
1240 4157 1275 4212 de
1293 4159 1347 4212 hoc
1367 4156 1453 4212 sermo
1472 4152 1521 4211 fiat
1540 4170 1685 4218 numito.
1714 4156 1754 4208 De
1773 4147 1928 4229 diiiiiione

260 4218 500 4278 Consessarioium
518 4217 669 4279 deseflibue
689 4220 839 4290 loquatur,
857 4223 901 4279 sed
919 4226 1014 4291 potius
1032 4226 1068 4281 se·
1120 4240 1215 4281 autern
1233 4226 1390 4285 animarum
1409 4222 1594 4296 spiritualium
1615 4225 1643 4279 ln
1662 4234 1724 4281 toto
1742 4222 1789 4277 ils.
1808 4223 1930 4288 capitu·

262 4290 331 4347 dulo
347 4303 452 4359 quaerat
471 4308 518 4347 eos
540 4290 687 4362 abaliquo
704 4306 795 4348 errore
820 4291 969 4350 commisso
985 4308 1069 4352 utcu·
1121 4294 1151 4355 Ιο
1170 4298 1333 4365 loquemur.
1873 4318 1876 4325 Δ

266 4361 340 4415 sare.
375 4375 401 4433 3.
435 4356 623 4418 uiiiuiooan
648 4378 705 4415 non
725 4362 852 4431 suscipiat
870 4360 994 4432 alicujus
1017 4362 1069 4433 qui
1839 4421 1845 4434 ,
1930 4408 1934 4417 .

266 4431 329 4483 uult
348 4425 510 4485 diiessorem
530 4431 608 4487 suuni
629 4433 786 4497 requirere,
813 4430 863 4485 nisi
883 4431 951 4488 adsit
969 4446 1069 4502 urgens
1174 4432 1201 4506 §.
1218 4436 1264 4493 IV.
1282 4434 1419 4503 unomooo
1436 4432 1530 4491 delean
1545 4434 1680 4503 [egerere
1698 4424 1877 4503 confeffatinr

313 4499 361 4573 sa,
388 4508 422 4554 ut
437 4497 538 4554 docem
557 4500 580 4553 S.
601 4500 744 4566 ibiiippor
765 4502 884 4569 Nerius,
911 4504 938 4557 S.
956 4503 1071 4559 Franci·
1279 4550 1282 4557 ,
1346 4522 1407 4571 cuin
1425 4500 1530 4570 mutii,
1546 4502 1578 4556 θ
1589 4499 1706 4568 surdis?

290 4583 323 4622 ur
342 4564 482 4634 Salesue,
496 4571 520 4624 8.
538 4565 656 4623 Carolus
676 4568 864 4637 Borromaeur,
882 4568 908 4625 ili
927 4572 1002 4639 alii;
1034 4588 1070 4628 ec

261 4635 318 4691 boc
346 4634 421 4693 enim
448 4636 517 4717 statie
533 4631 741 4705 diuinationes,
773 4638 1069 4707 perturbatorum&
1126 4658 1188 4700 toa.
1244 4642 1257 4697 Ι
1289 4652 1384 4701 mutue
1412 4638 1478 4699 esset
1505 4639 1591 4717 etiarn
1618 4636 1712 4697 surdus
1758 4649 1790 4695 ut
1816 4634 1929 4692 ordina·

260 4706 428 4773 quandoque
444 4712 530 4762 etiam
549 4704 675 4784 scandala
692 4706 1070 4787 oriuntutabdrertatque,
1261 4708 1302 4766 tie
1327 4708 1449 4777 euenit,
1479 4708 1514 4767 ad
1544 4726 1601 4776 eiua
1627 4676 1832 4767 Couseil'ionem
1852 4700 1934 4759 *eici

260 4777 297 4830 ed
316 4774 483 4832 mutandum
500 4772 705 4831 confessarium
730 4791 787 4832 non
806 4776 871 4833 satie
887 4773 963 4843 effe,
994 4780 1071 4845 quod
1124 4776 1253 4845 piendum
1273 4790 1385 4846 oportet
1402 4794 1465 4835 eum
1485 4777 1620 4835 adducere
1647 4776 1677 4833 in
1697 4776 1819 4849 aliquem
1837 4770 1933 4831 occul·

260 4842 402 4909 poenitens
431 4843 554 4914 aliquem
573 4858 638 4912 erga
656 4849 720 4898 elim
736 4844 988 4923 ‚abominationem
1014 4848 1069 4903 sen·
1123 4858 1185 4903 tum
1206 4846 1322 4915 iocum,
1349 4847 1383 4905 ad
1401 4846 1567 4917 erigendum
1586 4844 1727 4917 quoddam
1748 4843 1854 4911 sgnum
1873 4840 1935 4899 suu·

258 4914 333 4978 tiae,
363 4914 408 4968 uel
425 4912 501 4983 quod
520 4914 650 4969 videatur
668 4912 759 4969 uerbis
787 4912 871 4980 ipsine
897 4910 981 4969 fidem
1013 4932 1071 4972 non
1124 4931 1186 4971 rum
1207 4928 1383 4982 peccatorum
1411 4916 1435 4973 lli
1461 4912 1587 4983 dolonn,
1618 4914 1727 4973 meliori
1758 4913 1844 4969 modo
1871 4922 1930 4975 quo

259 4978 383 5049 amplius
401 4983 524 5047 babete;
554 4994 588 5040 ut
617 4982 694 5041 euim
724 4980 766 5038 eit
785 4980 978 5051 uibuesie,
1003 4984 1071 5056 sape
1124 4982 1232 5053 potest.
1266 4985 1318 5043 Sed
1336 4986 1410 5054 prius
1428 5000 1510 5055 quam
1529 5000 1592 5042 cum
1611 4984 1729 5089 audiat,
1757 4993 1836 5039 curet
1848 4979 1933 5104 εἶα-

277 5143 352 5161 ''¹'‘-
361 5142 1462 5171 *m-*mmfflffl
1470 5154 1615 5169 Fau-n·
1625 5140 1945 5169 *ff

333 5250 480 5322 (allium.
493 5254 537 5312 dd.
555 5272 586 5313 u.
603 5253 675 5312 ilinc
692 5256 762 5314 dno.
797 5247 846 5325 (b)
866 5251 962 5321 bald.
978 5276 1054 5321 unm.
1065 5276 1125 5337 432.
1147 5262 1271 5331 nertin.
1288 5258 1320 5321 Si
1335 5259 1498 5321 dubitetur.
