4317 5784
684 334 834 412 234

569 438 808 529 fluus
841 496 873 549 ‚
940 436 1027 531 in
1082 431 1559 552 prudentia
1609 436 1947 551 gravis.
2056 433 2436 553 Qua-de
2497 461 2641 545 re,
2699 455 2813 527 ut·
2859 438 3003 527 hae
3059 459 3375 530 omues
3429 457 3776 558 partes5
3832 461 3938 534 ut

580 606 744 693 par
800 580 922 669 est
961 640 992 690 ,
1049 579 1763 693 adimpleantur,
1817 580 1996 670 non
2054 574 2402 690 vulgari
2459 605 2676 694 opus
2729 581 2854 669 est
2911 579 3360 691 bonitate3
3416 607 3688 698 quam
3747 601 3937 677 cer·'

573 740 666 811 te
727 746 1191 840 nunquam
1250 724 1749 838 assequetur
1807 719 2011 829 ille,
2065 720 2214 811 cui
2271 720 2561 810 oratio
2618 748 2796 810 non
2847 720 2972 811 est
3026 719 3699 836 perfamiliaris,
3777 755 3944 823 nee

571 863 1046 953 meditatio
1098 865 1223 954 est
1283 865 1863 980 quotidiana3
1941 862 2273 953 etenim
2333 859 2507 950 alia
2571 859 2719 951 via
2779 858 3119 973 lucem,
3197 870 3286 953 &
3344 866 3669 976 gratias
3725 869 3942 959 huic

572 1023 826 1093 tanto
881 1008 1230 1096 muneri
1315 1010 1657 1112 (etiam
1720 1005 1917 1122 ipfis
1972 1000 2419 1117 Angelicis
2476 1003 2917 1146 humeris,
3003 1024 3103 1094 ut
3160 1005 3335 1095 dici
3395 1005 3675 1116 solet,
3763 1008 3945 1130 sor-

574 1146 1075 1256 midando)
1160 1146 1678 1237 neceffarias
1735 1147 2138 1237 obtinere
2197 1171 2463 1234 nemo
2523 1146 2858 1260 potest.
2971 1146 3142 1237 Sed
3201 1148 3768 1238 deveniamus
3828 1152 3943 1240 ad

576 1288 854 1380 nostri
916 1286 1244 1380 laboris
1303 1290 1859 1401 institutum,
1920 1312 2236 1403 nempe
2286 1284 2403 1375 ad
2459 1291 2806 1404 praxim
2866 1287 3460 1381 Confessiones
3516 1289 3948 1406 excipien-

575 1428 734 1539 di,
807 1429 921 1520 de
976 1457 1157 1547 qua
1213 1432 1684 1524 dumtaxat
1746 1433 1895 1520 hic
1953 1429 2106 1519 fiet
2165 1430 2504 1517 sermo.
2616 1434 2722 1520 ln
2778 1431 2951 1523 hac
3009 1430 3279 1523 Praxi
3340 1430 3669 1530 multas
3727 1429 3950 1521 deli-

572 1566 810 1660 babo
884 1572 1335 1664 doe’trinas
1414 1574 1530 1664 ad
1592 1575 2047 1687 ipsammet
2108 1567 2710 1695 spectantes,
2736 1572 2885 1661 sed
2947 1600 3055 1663 ne
3115 1594 3498 1688 repetam
3580 1602 3683 1663 ea
3742 1597 3948 1689 quae

573 1708 669 1795 in
731 1718 1023 1827 Opere
1081 1714 1393 1806 moi-ali
1453 1713 1724 1804 fufius*
1783 1705 2253 1826 descripsi,
2342 1715 2493 1801 hic
2550 1733 2897 1801 tantum
2975 1718 3004 1818 (
3053 1741 3203 1829 per
3264 1710 3772 1820 interjessas
3834 1709 3945 1795 ii-

573 1868 807 1942 teras
866 1856 1419 1965 indicantes)
1497 1855 1948 1947 adnotabo
1998 1853 2196 1945 ioca
2255 1853 2625 1967 opens,
2701 1853 2818 1944 ad
2880 1878 3082 1966 quae
3145 1852 3571 1942 leetorem
3629 1850 3942 1937 remit-

573 2009 819 2104 tam,
896 2016 997 2087 ut
1050 1997 1476 2104 copiosius
1528 1997 1988 2093 doarinas
2046 1979 2551 2118 rationibus
2583 2054 2615 2109 ‚
2699 2001 2786 2091 δι
2848 1991 3555 2088 authoritatibus
3628 1989 3944 2080 confir·

571 2154 861 2231 matas
880 2195 915 2253 ,
972 2139 1413 2257 perlegat.
2873 2184 2887 2192 -
3552 2163 3560 2174 ’

3693 5350 3765 5418 G
3772 5353 3884 5421 ‘bt
