4317 5784
699 217 790 382 cap.
818 277 1216 392 coemiteriis.
1244 275 1343 358 oui.
1361 258 1433 361 iii.
1480 226 1485 236 ’

250 413 496 484 filimerem.
515 411 653 474 Dutaud.
674 409 861 471 dimissior.
880 407 957 482 apud
973 410 1068 472 sulm.

250 494 287 548 de
306 489 446 552 marrim.
465 507 490 550 c.
505 507 531 550 a.
550 507 580 548 rr.
604 505 649 557 ιο.
671 487 783 554 Ratio,
832 484 886 544 uia
906 481 978 542 ficut
998 482 1067 552 Ma·

247 566 426 624 tesmonium
447 575 544 621 ratum
571 577 631 618 non
651 578 703 634 per
729 561 811 632 ingre
837 575 905 627 uni,
934 556 983 616 sed
1002 570 1067 616 tan·

227 649 315 698 ·tum
336 657 388 712 pet
407 635 619 700 Prosesfionem
641 632 831 702 dissolvitur,
851 645 885 692 ut
897 647 933 689 eii
952 650 977 690 c.
991 650 1017 691 z.
1032 635 1067 689 de

252 716 389 784 convers.
418 713 541 790 conjug.
572 708 617 769 itii
653 709 814 768 dicendum
841 705 882 765 esi
910 705 1001 764 etiam
1028 707 1066 764 de

246 789 427 862 sponsalibus
445 804 454 858 ;
481 787 538 846 Sed
557 786 620 842 bec
639 781 785 842 sententio
805 797 863 840 non
885 779 1003 839 videtur
1024 781 1067 838 sa-

226 863 290 922 ·tis
318 861 507 936 probabilis.
542 857 675 918 Secunda
706 857 851 919 sententia
878 855 1066 914 communior

248 938 301 996 cui
321 939 482 1006 adliaireo,
500 935 527 992 di
547 951 635 1011 quam
657 945 762 991 tenent
780 933 881 1006 Leym.
900 951 925 991 c.
940 949 967 991 a.
986 950 1015 992 ii.
1037 949 1064 992 a.

248 1011 333 1086 ὅροι.
352 1032 381 1070 n.
400 1013 464 1081 148.
483 1025 551 1068 cum
572 1007 724 1066 communi
753 1019 785 1064 ut
806 1005 906 1065 asserit
925 1002 1015 1062 Croi'ir
1035 1023 1066 1064 ιι.

250 1088 320 1160 187.
349 1083 418 1144 Pal.
434 1097 466 1160 p.
490 1087 533 1142 18.
554 1103 582 1143 n.
604 1099 630 1159 3.
663 1079 786 1140 Pontius
812 1083 835 1140 l.
857 1099 902 1140 aa.
922 1098 947 1140 c.
970 1096 1015 1139 io.
1036 1097 1066 1140 n.

245 1181 276 1236 4.
299 1179 362 1221 cum
384 1161 455 1219 Rei.
476 1161 507 1216 ὁ*
525 1157 612 1218 Gabi.
632 1156 711 1214 Viva
740 1153 833 1229 ques.
854 1173 881 1213 a.
902 1173 946 1214 ar.
965 1172 996 1225 4.
1014 1171 1064 1212 uir.

248 1255 279 1310 4.
297 1253 361 1294 cum
380 1235 452 1293 Con.
472 1231 580 1299 Perez,
610 1235 639 1290 (ι
658 1229 748 1289 Henr.
774 1248 809 1286 ar
828 1228 921 1288 sulm.
940 1245 966 1288 c.
989 1244 1015 1286 2.
1035 1246 1064 1286 rt.

250 1328 298 1370 ai.
317 1327 381 1384 eum
400 1307 512 1376 Gener,
531 1307 604 1366 Vi'll.
625 1309 655 1364 si*
675 1304 746 1366 Led.
767 1303 861 1372 dicit,
881 1299 1065 1360 tuncdissol·

251 1383 284 1443 ui
304 1382 449 1456 sponsalia
468 1393 583 1440 tantum
605 1389 746 1452 exparte
767 1377 958 1435 manentisin
980 1377 1064 1434 secu·

246 1462 308 1528 lo,
344 1471 406 1517 tuin
436 1457 508 1530 quia
535 1457 611 1514 alter
639 1453 840 1528 ingrediendo
871 1451 1064 1522 Religionem

248 1531 387 1592 censetur
405 1529 511 1591 oeffisse
531 1529 589 1603 juri
609 1526 683 1602 suo,
705 1543 766 1588 tum
776 1529 849 1601 quia
866 1541 903 1583 eii
915 1523 979 1597 ejus
999 1541 1065 1597 par·

246 1621 279 1668 te
300 1619 370 1668 tunc
392 1605 502 1665 accidit
534 1605 673 1663 notabilis
704 1603 856 1668 mutatio,
886 1615 954 1656 cuin
975 1598 1064 1656 dode·

244 1682 314 1741 cori
340 1680 498 1740 animetur
517 1680 625 1738 nubere
644 1695 710 1736 cum
740 1693 776 1734 eo
796 1676 847 1750 qui
869 1672 1062 1746 Religionem

244 1755 394 1829 deseruit;
424 1754 497 1814 Non
523 1766 622 1818 autern
655 1747 774 1810 dissolvi
793 1767 830 1808 eii
861 1759 943 1822 parte
965 1749 1063 1820 ingre·

233 1832 381 1900 dientis,
402 1829 421 1886 si
441 1827 537 1901 pollen
556 1828 593 1887 acl
611 1827 741 1884 seculum
763 1824 884 1896 redeat3
919 1822 989 1896 quia
1011 1837 1063 1894 per

246 1904 405 1977 ingressum
427 1905 487 1976 ipse
507 1919 567 1960 non
588 1898 874 1962 redditurinliabilis
894 1897 932 1956 ad
947 1909 1064 1956 contra·

245 1979 376 2040 siendum
408 1976 669 2044 Matrimonium,
708 1974 779 2032 sicut
807 1972 981 2032 redderetur
1012 1988 1065 2044 per

243 2052 479 2116 Prosessioiiem.
507 2052 615 2111 Tertia
647 2052 812 2119 sententia,
841 2063 929 2123 quain
958 2058 1062 2106 tenent

230 2131 321 2198 'Rus
342 2148 371 2188 n.
390 2143 451 2187 ant.
472 2128 577 2186 sancii.
599 2130 660 2186 l.i.
680 2125 720 2188 D.
730 2144 776 2195 42.
798 2145 826 2183 ei.
847 2143 874 2182 z.
894 2125 924 2179 si·
945 2139 970 2193 5.
990 2123 1061 2181 Tol.

249 2209 311 2276 l.7.
331 2221 412 2261 c.ai.
433 2203 502 2259 Bon.
518 2215 551 2274 p.
565 2217 592 2269 ς.
613 2220 641 2258 n.
653 2217 679 2256 2.
700 2217 763 2256 cum
784 2199 855 2256 Cori.
872 2195 949 2264 sill,
971 2197 1059 2256 Hert.

248 2283 307 2336 (tc.
328 2277 399 2332 item
423 2278 528 2332 Becare.
548 2277 579 2330 (t
598 2271 668 2330 Dic.
689 2285 737 2344 ap.
756 2271 849 2330 sulm.
870 2289 893 2328 c.
915 2287 943 2328 2.
961 2291 990 2328 n.
1012 2289 1058 2330 20.

1104 646 1191 696 ‚nent
1210 631 1334 692 Pontius
1353 655 1382 695 re.
1405 653 1449 712 13.
1469 637 1576 700 sauri.
1593 640 1648 699 lib.
1671 660 1696 701 i.
1716 641 1756 704 D.

1673 359 1680 370 .
1831 317 1883 374 21.

1118 411 1200 481 bere,
1220 412 1251 468 (ι
1267 409 1379 486 poseo,
1403 409 1430 486 si
1448 411 1590 488 elegerit,
1616 417 1660 474 ad
1672 371 1859 494 ⁴Religionem
1876 425 1933 484 mi.

1099 531 1104 540 .
1140 503 1221 545 rare.
1243 485 1377 545 secunde
1394 497 1498 546 tamen
1511 489 1656 550 sententia
1676 495 1947 576 communissima„

1164 575 1217 631 per
1235 559 1264 617 se
1285 561 1434 635 loquendo
1454 561 1574 634 uerior,
1600 579 1713 639 negat,
1742 585 1868 646 eamque
1888 589 1932 632 te·

1120 726 1148 784 3.
1168 707 1237 770 Pal.
1253 723 1285 782 p.
1307 715 1352 769 16.
1370 730 1401 770 n.
1413 727 1448 798 ⁴3.
1467 713 1573 774 Borrae.
1588 728 1622 790 p.
1642 731 1669 786 ς.
1688 737 1718 776 n.
1735 734 1766 788 4.
1774 662 1927 782 4igitrocor.

1118 798 1190 930 ἑλέ..
1203 797 1278 915 ffig.
1298 801 1363 855 ηρ.
1381 785 1460 843 Vive
1479 805 1506 859 q.
1520 805 1547 846 a.
1567 805 1625 849 art.
1636 811 1666 865 4.
1686 810 1737 850 nu.
1752 807 1778 862 ς.
1797 791 1879 866 spor.
1897 815 1928 856 rr.

1157 930 1163 940 Ι
1251 862 1293 920 iz.
1313 878 1341 942 u.
1354 876 1421 932 240.
1440 866 1471 917 θ’
1491 861 1585 926 sarm.
1604 879 1669 940 cap.
1680 886 1707 926 2.
1726 885 1778 930 trie.
1799 868 1843 926 18.
1863 886 1930 927 cum

1117 929 1229 1002 Dices.
1248 932 1372 1017 Ratio,
1402 947 1466 995 tum
1495 936 1566 1010 quia
1594 937 1795 1010 juramentum
1812 942 1931 1015 semper

1118 1006 1254 1093 censetur
1280 1005 1413 1091 emissum
1441 1009 1492 1067 sub
1524 1012 1727 1084 conditione,
1756 1016 1811 1074 nisi
1839 1015 1931 1076 slatus

1118 1077 1278 1166 periclitor
1298 1083 1425 1152 eligatur
1446 1101 1456 1154 ;
1487 1096 1550 1142 tum
1572 1087 1643 1163 quia
1670 1088 1869 1162 juramentum
1890 1093 1934 1150 se·

1118 1166 1221 1228 quitur
1248 1168 1383 1213 naturam
1403 1157 1593 1230 contraitur,
1623 1179 1660 1220 eit
1687 1183 1714 1222 c.
1739 1167 1932 1224 Ouemadmo·

1119 1233 1188 1313 dum
1208 1232 1310 1314 ,²5·.s⁰
1321 1227 1523 1361 θῙιιιίῖιιιιιιο
1536 1271 1548 1303 ,
1562 1237 1615 1294 ubi
1629 1218 1769 1308 dicitur,
1783 1242 1864 1314 quod
1875 1242 1932 1315 qui
1978 1304 1981 1310 ,

1119 1315 1319 1386 ,oratiorum
1341 1320 1390 1389 mu
1406 1322 1468 1363 iere
1486 1308 1729 1382 contrabiurum,
1748 1327 1869 1386 propter
1886 1317 1932 1374 su·

1117 1388 1301 1450 perurentem
1313 1377 1541 1439 somicationem
1553 1420 1562 1451 ,
1583 1387 1632 1445 vel
1644 1385 1867 1449 deformitatem
1882 1408 1929 1450 re·

1117 1453 1228 1524 pellere
1248 1451 1364 1538 potesis
1384 1450 1404 1511 li
1424 1471 1496 1540 ergo
1514 1457 1658 1530 sponsalia
1670 1462 1749 1521 nuda
1768 1479 1827 1522 non
1847 1465 1927 1524 obli·

1116 1537 1188 1598 gant
1207 1525 1243 1582 ad
1264 1525 1501 1613 Matrimonium
1531 1535 1765 1595 contrabendum
1793 1550 1862 1596 ante
1882 1541 1930 1598 in.

1118 1597 1245 1672 grossum
1267 1616 1299 1657 in
1319 1599 1511 1672 Religionem
1526 1643 1536 1673 ,
1554 1622 1610 1664 nec
1623 1609 1714 1666 etiarn
1727 1613 1862 1684 obligant
1883 1613 1928 1688 jii-

1117 1686 1202 1736 rata.
1230 1671 1325 1731 Reate
1345 1687 1446 1732 autern
1466 1678 1644 1750 respondent
1666 1685 1780 1754 prefati
1800 1688 1873 1746 AA.
1892 1691 1931 1749 ad

1115 1760 1232 1808 textum
1253 1745 1438 1820 oppositum,
1455 1751 1535 1825 quod
1554 1753 1617 1824 ibi,
1636 1773 1704 1814 curn
1725 1758 1851 1830 Sponsus
1868 1777 1930 1821 non

1115 1836 1182 1882 erat
1211 1836 1297 1882 certo
1317 1822 1533 1884 determinatos
1554 1828 1591 1886 ad
1611 1830 1859 1904 ingrediendum,
1880 1838 1931 1897 sed

1108 1895 1234 1957 'tantuin
1255 1896 1421 1970 aspirabat,
1440 1911 1477 1956 ut.
1485 1896 1528 1957 ibi
1548 1904 1745 1976 exprimitur,
1765 1907 1834 1966 ideo
1848 1911 1928 1970 Pon·

1115 1966 1216 2057 tiseir,
1235 1987 1273 2028 ne
1283 1972 1345 2030 ‚ille
1355 1971 1439 2030 fieret
1450 1991 1517 2032 reus
1527 1977 1652 2050 perjurii
1661 1994 1720 2036 oon
1731 1982 1927 2055 ingrediendo

1113 2044 1330 2131 Religionem,
1346 2063 1408 2133 iiec·
1421 2049 1601 2108 celebrando
1621 2051 1761 2116 Matrim.
1782 2069 1919 2132 tempore

1112 2118 1242 2207 siatuto,
1260 2119 1340 2178 dixit
1352 2124 1483 2185 tutiusei
1493 2122 1551 2184 esse
1562 2129 1679 2200 nuptias
1689 2133 1868 2193 contrahere
1879 2172 1889 2203 ,
1900 2135 1930 2196 ἃ

1115 2195 1221 2253 deinde
1242 2193 1262 2252 si
1283 2196 1412 2253 uoluerit
1425 2195 1618 2272 Religionem
1636 2203 1772 2279 intrare;
1794 2207 1882 2266 Unde
1906 2210 1926 2269 si

1112 2270 1229 2342 sponsus
1247 2280 1405 2345 antequam
1426 2272 1610 2333 terminasset
1621 2287 1739 2350 tempus
1752 2279 1926 2354 prolixum,

1851 666 1930 708 mim.
2046 699 2051 706 ,

246 2352 327 2410 dicit
345 2345 464 2479 dignm
483 2346 627 2432 sponsalia
647 2361 684 2402 eii
704 2357 789 2428 parte
810 2341 978 2417 utriusque.
998 2344 1060 2402 Ra·
1112 2343 1307 2418 Religionem
1330 2343 1471 2418 ingredire
1490 2346 1582 2414 esset,
1611 2353 1661 2410 vel
1687 2352 1851 2414 deliberate
1871 2356 1928 2416 sla·

241 2427 290 2484 tio
313 2443 373 2483 i.e
407 2460 417 2492 ,
448 2438 520 2495 quia
548 2421 620 2478 sicut
641 2419 819 2477 Novitiatus
848 2419 876 2475 se
906 2419 996 2475 habet
1023 2418 1060 2477 ad
1112 2417 1210 2480 tuilset
1231 2419 1369 2492 ingredi,
1389 2420 1494 2496 utique
1513 2437 1571 2478 non
1590 2424 1766 2497 tenebatur,
1786 2428 1924 2490 imonec

244 2495 478 2564 Prosesfionein,
498 2497 542 2555 ita
562 2496 589 2553 se
612 2494 723 2552 babent
734 2491 878 2568 sponsalia
899 2491 935 2548 tid
949 2491 1058 2552 Matri·
1111 2505 1232 2568 poterat
1254 2493 1487 2560 Matrimonium
1514 2494 1573 2556 fine
1602 2500 1689 2573 graui
1716 2505 1805 2576 culpa
1823 2505 1902 2564 inire
2028 2485 2034 2488 ’

231 2573 406 2659 minoiumj
438 2570 690 2647 quemadmodum
712 2571 805 2644 igitur
824 2568 1057 2628 Matrimonium
1105 2582 1143 2646 ,ut
1164 2571 1237 2630 bene
1256 2569 1417 2633 advertunt
1437 2575 1543 2644 Saucb.
1563 2576 1585 2636 l.
1599 2593 1628 2650 7.
1648 2575 1729 2650 spor.
1747 2580 1772 2638 l.
1792 2598 1817 2638 r.
1836 2544 1924 2644 Pom:
2002 2596 2006 2600 “

239 2659 343 2708 ratum
370 2647 536 2708 dissolvitur
564 2664 601 2706 eii
632 2657 714 2719 parte
745 2645 894 2722 utriusque
913 2662 964 2718 pet
985 2646 1057 2705 Pro·
1106 2651 1192 2708 seii,
1208 2668 1234 2708 c.
1248 2667 1275 2707 a.
1294 2669 1322 2708 n.
1336 2649 1535 2717 omimium,
1555 2653 1586 2709 (ι
1605 2652 1673 2711 Bm.
1681 2662 1714 2725 p.
1726 2667 1923 2723 5.n.rr.cum

242 2721 396 2810 sessionem
413 2762 422 2792 ,
452 2734 483 2780 ut
504 2722 670 2808 declaratur
690 2721 722 2778 iii
737 2733 844 2794 ·cap.2.
865 2723 899 2777 de
919 2722 1055 2791 Conuerf.
1108 2722 1228 2798 sylves.
1248 2724 1319 2782 Con.
1328 2724 1414 2783 Gerr.
1432 2727 1463 2781 su
1476 2725 1567 2784 Rode.
1580 2726 1792 2804 contraCajet.
1812 2728 1926 2794 &Led

241 2809 371 2883 confug,
388 2810 432 2858 ita
452 2797 596 2869 sponsalia
615 2809 667 2869 ptr
697 2793 878 2869 ingressum.
910 2796 967 2854 Sed
987 2797 1056 2855 huic
1109 2800 1180 2871 quia
1199 2813 1321 2868 gravem
1350 2798 1491 2870 injuriam
1521 2796 1674 2872 irrogasset
1693 2800 1827 2874 sponse,
1855 2821 1926 2865 eam

244 2875 356 2958 rationi
384 2872 595 2944 respondetur,
623 2869 703 2947 quod
720 2873 784 2932 tale
809 2871 998 2944 priuilegium
1018 2889 1056 2930 er
1108 2871 1246 2946 cogendo
1264 2888 1445 2944 perannum
1466 2873 1545 2931 suam
1558 2873 1769 2934 Proseslionem
1788 2878 1926 2952 expedia·

244 2963 311 3020 pure
329 2944 444 3007 Divino
471 2948 537 3020 (ut
556 2945 739 3004 declaratum
772 2942 866 3003 eliab
887 2944 1056 3020 Ecclesia)
1105 2962 1160 3013 re.
1186 2945 1279 3014 Diiii,
1304 2959 1358 3020 per
1379 2949 1414 3013 se
1433 2949 1590 3020 loquendo,
1620 2965 1688 3008 nain
1710 2948 1787 3009 rede
1807 2954 1921 3014 addunt

242 3021 418 3080 conceditur
427 3033 543 3079 tanturn
558 3017 733 3078 Prosesfiooi
745 3018 1054 3091 Religiosetanquam
1108 3020 1179 3076 Bou.
1198 3019 1279 3093 Sper.
1311 3025 1343 3076 di·
1360 3019 1478 3083 Holzm.
1497 3023 1533 3082 sl.
1553 3039 1595 3082 cc.
1622 3023 1761 3084 acht.
1781 3028 1915 3091 d.c.10.

241 3093 330 3154 flatui
350 3092 558 3166 persediionist
580 3091 628 3150 sed
642 3090 722 3177 quod
740 3089 960 3164 peringresl'um
974 3093 1057 3163 l‘pon·
1108 3112 1138 3151 n.
1161 3113 1172 3148 i
1179 3109 1204 3168 3.
1223 3112 1289 3151 cum
1309 3093 1397 3154 suar.
1426 3095 1507 3170 quod
1527 3105 1682 3156 teneretur
1701 3097 1829 3170 Sponsor
1849 3117 1920 3162 ante

242 3169 319 3228 salia
336 3169 514 3235 solvantur,
542 3169 625 3226 nullo
647 3181 712 3240 pure
732 3166 878 3223 habetur:
906 3166 933 3224 dr
952 3183 1058 3228 reuera
1104 3163 1269 3238 ,ingressum
1290 3169 1411 3240 nuptiae
1429 3169 1605 3239 celebrare,
1625 3171 1646 3229 fi
1665 3172 1726 3231 iioc
1740 3171 1811 3233 ess'et
1823 3178 1928 3236 neces·

239 3261 354 3331 equo-m
376 3261 435 3302 noo
452 3243 543 3310 esset,
563 3240 747 3327 ut'gaiideret
759 3240 1057 3324 priuilegiocoocesso
1108 3240 1216 3299 sarium
1236 3241 1274 3299 ad
1292 3248 1406 3315 prolem
1420 3242 1674 3318 legitimandam,
1693 3247 1928 3318 scandalum-re·

240 3317 331 3406 liarui
350 3317 525 3402 Religioso,
555 3333 607 3392 qui
627 3316 662 3401 ab
685 3332 722 3376 eo
740 3317 844 3373 viliter
862 3315 1056 3377 retrocedit.
1108 3316 1294 3388 parandum,
1314 3320 1363 3376 uel
1385 3319 1495 3376 lionori
1513 3319 1618 3392 sponsa
1638 3321 1875 3396 prouidendum,
1906 3327 1927 3384 si

165 3409 178 3462 χ
240 3393 340 3451 Ratio
360 3412 387 3454 e.
407 3395 495 3466 liuius
515 3391 666 3450 sententia
686 3389 745 3458 eil,
777 3391 847 3464 quia
865 3389 1005 3462 ingressus
1024 3393 1055 3448 in
1108 3391 1169 3448 alio
1189 3391 1278 3449 modo
1297 3409 1356 3449 non
1375 3392 1467 3465 posset
1485 3394 1624 3454 occurri.
1643 3396 1756 3454 Etlioc
1775 3401 1847 3457 caso
1866 3417 1922 3460 nec

242 3467 442 3540 Religionem
459 3481 530 3525 cum
551 3465 652 3526 animo
660 3464 866 3537 perseverandi
883 3464 949 3538 ,jain
964 3464 1055 3524 solvit
1108 3464 1199 3522 etiam
1215 3467 1399 3536 permittitur
1412 3467 1513 3538 sponso
1533 3465 1596 3540 post
1605 3470 1838 3532 celebrationem
1853 3473 1925 3534 Ma·
1942 3458 1946 3463 ¹

232 3554 405 3600 ‚uouentem
434 3559 451 3600 a
480 3553 552 3598 uoto
572 3539 770 3613 Religionis,
802 3540 845 3596 itii
865 3551 898 3596 ut
918 3539 937 3596 si
956 3537 1054 3610 polleo
1107 3539 1244 3595 trimon'ii
1265 3540 1379 3610 ingredi
1393 3539 1609 3612 Religionem,
1628 3543 1764 3619 illudque
1774 3563 1834 3604 non
1854 3564 1926 3606 coia-

240 3613 1054 3760 tillim“tillirililtltil‘tt‘rall:
1106 3609 1821 3757 illidius*litterularum‘2:¹⁰⁰
1840 3621 1924 3751 ‘'il‘'

234 3737 239 3746 .
440 3726 450 3757 2
684 3729 685 3732 ¹
711 3729 713 3732 ·
904 3725 912 3741 ·

241 3764 364 3822 sortiori
376 3763 464 3821 solvit
472 3761 686 3829 obligationem
699 3758 897 3828 sponsalium,
916 3759 1055 3830 quiasunt
1106 3759 1184 3817 alias
1205 3721 1505 3828 Nuptias'irrenlre‚
1526 3756 1647 3816 ”trebie
1666 3707 1927 3834 noiiiiffiups‘e'mif

231 3837 367 3896 ,minoris
397 3833 591 3904 obligationis
610 3843 682 3888 uoto
703 3829 890 3901 Religionis·
915 3830 973 3888 Sed
992 3832 1053 3890 hec
1106 3845 1130 3891 r.
1152 3849 1177 3890 i.
1199 3834 1222 3890 l.
1241 3851 1270 3904 4.
1289 3851 1319 3890 u.
1338 3832 1479 3901 65.vers.
1500 3832 1603 3892 liade.

239 3913 320 3970 ratio
338 3923 434 3980 oeque
453 3903 577 3973 suadet,
596 3921 664 3964 nam
676 3920 789 3990 uoueiis
801 3904 868 3988 ideo
880 3921 931 3976 per
941 3905 1052 3977 ingres·
1144 3904 1186 3964 11.
1207 3905 1267 3964 Pet
1285 3905 1498 3979 susceptionem
1515 3905 1663 3965 Ordinem
1681 3908 1835 3974 Sacrorum
1854 3933 1918 3979 cer·
1942 3916 1996 3995 871

236 3987 302 4042 suin
323 3983 465 4041 liberatur
484 3996 502 4037 a
521 3990 614 4048 voto,
633 3996 704 4054 quia
724 3995 783 4055 pam
802 3979 1054 4049 impietsuamo·
1105 3989 1170 4036 tum
1191 3975 1231 4036 eit
1261 3977 1355 4038 etiam
1387 3977 1505 4039 dissolui
1537 3982 1705 4054 sponsalia,
1732 4003 1792 4048 non
1824 4005 1925 4054 autem
2028 4013 2035 4030 ι

237 4058 456 4130 bligationem,
489 4065 593 4112 uotum
614 4055 693 4110 enini
715 4051 899 4125 intelligitur
917 4051 1052 4113 emissum
1101 4044 1339 4124 ,Matrimoniu'rri
1370 4047 1569 4128 ratumt'ita
1596 4072 1700 4115 omnen
1725 4075 1795 4120 cum
1818 4065 1915 4129 Serrei

239 4133 292 4190 sub
313 4129 506 4194 conditione,
527 4126 547 4185 si
567 4127 691 4199 Religio
703 4127 754 4184 sibi
774 4128 954 4188 conueniant
974 4126 1054 4184 Con·
1106 4125 1159 4187 iii.
1183 4146 1208 4186 i.
1238 4128 1313 4196 Dis.
1333 4146 1380 4201 47.
1400 4148 1479 4188 uum.
1510 4147 1536 4188 i.
1555 4129 1641 4190 Pone.
1661 4132 1714 4194 lib.
1736 4154 1762 4196 i.
1790 4157 1807 4196 e
1879 4111 1925 4202 it.

238 4217 290 4264 tra
310 4223 382 4264 uero
401 4202 524 4290 Sponsus
548 4219 599 4274 per
629 4199 786 4286 ingress‘um
808 4202 839 4256 iii
857 4201 1052 4272 Religionem
1100 4220 1185 4272 uum.
1206 4219 1234 4260 a.
1252 4201 1382 4260 Couciua
1398 4213 1470 4276 pag.
1490 4217 1555 4274 ²70·
1574 4223 1652 4264 uum.
1672 4207 1703 4266 6.
1722 4208 1750 4266 di
1771 4152 1948 4289 attig'pass·

240 4282 327 4339 nullo
345 4279 435 4337 modo
454 4277 559 4348 implet
579 4276 796 4348 obligationem
812 4275 1005 4347 sponsalium,
1026 4273 1054 4332 di
1079 4308 1083 4312 -
1109 4273 1159 4332 fim
1170 4295 1184 4344 ,·
1203 4275 1244 4334 Et
1264 4287 1347 4348 patet
1365 4275 1742 4351 excrementorum
1759 4283 1828 4344 Viro
1868 4292 1921 4350 ubi

242 4353 335 4424 ideo,
355 4352 375 4410 si
397 4353 434 4411 ab
454 4353 510 4408 iila
523 4349 694 4420 egreditur,
715 4350 824 4407 metito
835 4361 935 4407 manet
946 4349 1054 4407 eadem
1107 4347 1241 4404 dicitur:
1274 4348 1357 4406 Licet
1381 4364 1483 4406 uorum
1506 4350 1737 4418 solemnizatum
1760 4372 1815 4433 pei·
1836 4326 1923 4431 ’sam

237 4427 424 4500 obligatione
444 4421 612 4484 oblliidius.
629 4421 724 4508 ‚Hinc
754 4423 881 4482 secunda
909 4422 1056 4482 sententia
1103 4420 1314 4496 susceptionem
1323 4421 1471 4490 Ordinis,
1486 4441 1629 4497 quantum
1647 4431 1689 4486 ad
1701 4420 1919 4505 inpediendum

239 4503 372 4561 absolute
393 4499 574 4574 probabilior
594 4498 672 4559 milii
693 4495 833 4559 videtur.
890 4569 896 4581 Ι
1101 4485 1356 4566 Matrimonium,
1373 4497 1410 4567 st
1428 4493 1529 4568 efficax
1547 4505 1767 4574 reputandum,
1783 4512 1842 4568 (re.
1863 4511 1921 4570 Sed

279 4576 442 4634 Dubitatur
462 4591 491 4634 a.
511 4588 571 4641 aii,
603 4572 624 4630 si
644 4571 789 4644 sponsalia
814 4569 868 4629 sint
889 4583 1056 4644 iuramento
1109 4569 1262 4629 dubitatur
1281 4590 1308 4630 r.
1327 4583 1427 4630 utrum
1456 4584 1563 4646 peccet
1590 4573 1642 4649 qui
1661 4574 1790 4639 Ordines
1817 4582 1927 4646 Sacros
1945 4593 1949 4599 ‘

243 4649 384 4718 firmata,
403 4659 541 4707 teneatur
553 4645 676 4720 Sponsus
690 4657 758 4705 ante
773 4645 928 4717 ingressum
950 4649 981 4703 iii
994 4648 1056 4704 Re·
1108 4643 1248 4717 suscipit,
1278 4645 1370 4704 inscia
1389 4647 1439 4704 vel
1458 4647 1557 4706 inrita
1574 4647 1706 4721 sponsat
1738 4653 1844 4713 Prima
1862 4661 1926 4719 sen·

241 4725 384 4797 ligionem
406 4723 638 4782 Matrimonium
667 4721 845 4782 celebraret
872 4717 975 4778 Prima
994 4721 1056 4778 sen·
1108 4719 1205 4778 tentia
1224 4717 1353 4778 affirmat
1380 4737 1517 4793 peccare
1533 4713 1690 4794 grauiter,
1719 4717 1747 4782 di
1779 4729 1857 4790 lianc
1879 4743 1926 4794 re.

237 4801 335 4858 tentia
354 4797 549 4866 affirmat,&
572 4797 649 4854 hanc
672 4805 776 4854 tenent
794 4795 915 4862 stetur,
935 4793 1055 4854 Nam&
1108 4806 1180 4853 nent
1199 4793 1305 4852 sanci.
1323 4797 1378 4854 soc.
1399 4795 1452 4855 cir.
1471 4794 1549 4855 num.
1572 4813 1598 4871 3.
1629 4790 1699 4857 Pal.
1724 4811 1756 4874 p.
1778 4821 1824 4874 ¹9·
1843 4828 1912 4866 m,

239 4871 316 4932 Lei.
333 4885 381 4945 ap.
403 4871 486 4930 Pom.
506 4872 529 4931 l.
542 4889 587 4930 iz.
607 4889 632 4930 c.
654 4887 700 4930 ιο.
720 4890 749 4928 n.
771 4887 814 4928 io.
835 4888 870 4926 ac
891 4869 1002 4928 Rebell.
1023 4873 1053 4927 st·
1108 4887 1137 4928 ι.
1157 4869 1247 4927 Ronc.
1263 4879 1336 4943 pag.
1351 4867 1416 4944 138.
1435 4869 1527 4942 ques.
1550 4887 1578 4939 5.
1597 4867 1636 4930 R.
1647 4889 1674 4932 ι.
1695 4877 1726 4931 su·
1744 4875 1838 4940 Cror'ir
1858 4853 1922 4943 sd·

241 4945 322 5018 Vega
341 4949 419 5027 apud
438 4947 532 5005 sulm.
551 4964 576 5004 c.
603 4962 630 5004 2.
649 4965 679 5004 u.
704 4963 750 5017 ιγ.
770 4942 806 5000 td
827 4943 951 5026 probant
971 4959 1006 5000 eit
1027 4963 1052 5002 r.
1101 4955 1136 5018 p.
1149 4961 1176 5019 3.
1197 4960 1282 5004 uno.
1303 4944 1444 5004 cumCou.
1464 4939 1613 5006 urerer.
1633 4941 1749 5017 Ratio,
1770 4929 1923 5028 quirinus:

241 5015 443 5086 Commissum.
465 5021 509 5080 16.
530 5019 677 5090 deSpons.
698 5016 871 5076 ubidicitur
889 5015 1051 5076 tutiusesse
1110 5020 1140 5075 lo
1161 5016 1224 5089 jure
1244 5015 1410 5076 concessum
1423 5015 1464 5076 eli
1483 5014 1593 5076 Ordini
1611 5019 1701 5079 Sacro
1711 5023 1859 5096 sponsalia
1878 5033 1924 5090 di.

235 5093 322 5178 qnod
343 5106 380 5152 eo
407 5091 475 5153 casu
494 5093 619 5164 Sponsus
645 5093 737 5178 prius,
763 5091 879 5166 nuptias
900 5091 1002 5160 ineat,
1030 5090 1057 5148 dr
1109 5092 1239 5161 rimere,
1266 5091 1338 5149 sicut
1368 5091 1409 5150 eli
1427 5090 1639 5156 datum'llatui
1659 5087 1835 5175 Religioso,
1866 5105 1931 5167 imo

237 5167 347 5252 deinde
367 5177 436 5226 inte
457 5167 742 5250 consummationem
762 5166 951 5238 ingrediatur
971 5165 1057 5224 Reli·
1111 5167 1205 5239 ipsum
1229 5167 1274 5243 jue
1292 5166 1432 5239 prohibet
1450 5167 1583 5227 ordinari
1603 5169 1638 5230 iu
1654 5175 1859 5244 prejudicium
1878 5185 1924 5240 21.

239 5257 359 5326 gionem
373 5241 422 5325 ,si
444 5241 519 5322 velit
530 5259 543 5307 ,·
570 5257 605 5296 en
627 5243 717 5300 uerba
737 5253 855 5301 teritus:
889 5237 1001 5298 Tutius
1019 5239 1055 5309 es
1108 5241 1224 5312 terius,
1251 5253 1287 5300 ut
1315 5242 1443 5300 liabetur
1470 5261 1509 5302 ex
1531 5262 1557 5306 c.
1577 5234 1629 5308 ur.
1648 5250 1684 5305 de
1701 5249 1801 5327 Oili'g.
1820 5256 1861 5310 ad
1880 5275 1928 5312 ra-

240 5335 266 5374 er
288 5317 469 5390 (Religioue
479 5314 647 5447 luramemr'
660 5320 786 5384 seruare
804 5313 923 5396 >prius
942 5330 1054 5378 coutra-
1107 5317 1177 5399 tior,
1205 5334 1261 5398 nou
1304 5312 1461 5397 ordinaris.
1490 5315 1627 5458 ὃεέιοιο
1665 5339 1739 5385 vero
1769 5313 1918 5388 sententia

234 5451 241 5456 ,
313 5387 379 5467 big.
400 5389 501 5454 Theo.
522 5385 617 5452 Tum.
636 5385 695 5454 lis.
1824 5413 1885 5458 noii
