4317 5784
298 275 343 331 Π

239 375 388 452 Manuos,
408 383 439 440 tl·
458 381 550 455 lsreg.
570 379 651 454 epiris
669 377 774 438 Saneb.
795 379 816 437 ι.
836 394 862 435 c.
879 374 912 432 ιιι
930 373 1001 458 Dra.
1018 375 1047 436 d.

238 473 325 528 ιη.
343 457 394 532 qui
414 471 495 532 aque
515 455 697 528 probabilem
718 465 828 536 putat,
858 449 886 506 dt
912 451 1003 506 Croix
1023 451 1046 508 s.

236 541 358 662 iila
375 525 964 676 istria‘istit‘i'ils‘sttsit
984 522 1048 652 lii:

237 679 267 738 le
286 693 346 734 noti
366 679 493 736 uitiatur
502 699 516 748 ;
534 677 560 735 &
581 679 618 734 sic
638 675 828 746 respondetur
847 669 1049 756 secundaesecu-

237 754 340 812 tentiae
362 751 556 811 Tambxrtni‘.
577 749 804 818 Ratioautem,
824 763 876 806 cur
896 761 952 801 riori
973 747 1049 830 obli·

240 838 299 899 get·
312 823 462 899 promissio
484 827 520 884 ad
540 823 711 893 excessum,
732 821 771 879 esl
792 860 801 890 ,
830 822 900 896 quia
929 820 1051 904 malitia

239 901 459 974 prodigalitatis
481 901 685 973 principaliter
704 895 831 956 consissit
841 899 871 951 in
893 889 1051 976 prasiane-⁸

243 991 302 1043 tie,
324 977 419 1032 minua
448 991 520 1032 uero
548 973 752 1048 principaliter
778 975 808 1030 iii
829 964 1016 1040 promissione
1035 985 1049 1034 ,-

241 1047 311 1106 ideo
331 1051 409 1106 enim
430 1065 487 1106 non
509 1051 578 1106 licet
601 1051 723 1119 prodige
744 1047 948 1127 promittere,
978 1039 1050 1116 quia

238 1123 380 1182 illicitum
401 1122 441 1181 est
461 1123 584 1194 prodige
606 1124 700 1178 dare.
725 1117 827 1176 Posito
847 1119 941 1190 igitur
969 1113 1049 1189 quod

241 1193 321 1254 eiius
340 1198 470 1270 prodiga
490 1196 679 1270 praellatlmiis
698 1191 731 1249 sit
752 1209 804 1264 per
832 1195 860 1248 se
881 1190 1050 1262 principali·

240 1279 287 1328 ter
308 1275 421 1340 nialus,
443 1275 565 1328 minime
585 1283 712 1343 unquam
734 1265 844 1338 poterit
865 1265 925 1337 ipse
944 1265 1050 1335 imple·

241 1344 267 1400 ri
288 1342 344 1403 sirie
364 1361 505 1417 peccato;
525 1359 621 1418 neque
641 1343 780 1400 executio
790 1342 899 1414 poterit
918 1341 1050 1395 colione·

238 1415 308 1475 iiari
328 1423 364 1476 ab
383 1421 567 1490 obligatione
579 1415 776 1489 promissionis
794 1411 895 1481 satia,
914 1415 985 1487 quia
998 1427 1047 1469 ne·

238 1509 291 1551 nio
307 1493 336 1550 se
355 1492 587 1566 potestobiigare
607 1491 644 1550 ad
664 1507 727 1549 rem
748 1490 888 1546 illicitam
901 1503 1050 1562 exequen·

243 1567 331 1634 dam,
353 1580 386 1625 ut
408 1569 534 1624 liabetur
554 1585 589 1624 ex
610 1581 673 1637 reg.
708 1564 780 1638 juris
798 1565 846 1635 69.
865 1560 896 1618 in
916 1563 945 1620 6.
966 1563 1016 1644 ubi
1036 1579 1045 1617 ι

236 1641 269 1699 lii
289 1641 380 1698 masis
393 1640 528 1715 proiniffir
545 1643 630 1713 fidem
649 1653 702 1696 noir
720 1641 838 1714 expedit
852 1639 989 1705 servari.
1008 1634 1050 1692 Et

140 1741 143 1760 ·
234 1715 451 1790 consequenter
468 1731 535 1789 pars
556 1725 735 1786 acceptans,
756 1708 1048 1784 expromissioneipfi

235 1786 313 1850 satta
331 1793 445 1848 nullum
468 1787 560 1862 potest
582 1788 628 1862 jus
649 1788 802 1862 acquirere
812 1787 848 1843 ad
868 1785 899 1842 id
918 1785 996 1860 quod
1005 1785 1048 1841 al·

236 1875 302 1924 tera
322 1879 387 1934 pars
408 1867 513 1938 nequit
534 1865 591 1921 sine
611 1875 736 1936 peccato
756 1859 909 1933 praestare.
940 1858 982 1916 Et
1001 1857 1047 1942 ¹sic

236 1939 429 2010 respondetur
449 1940 486 1996 ad
506 1939 651 1997 rationem
663 1937 762 2010 prima
774 1931 946 1994 sententia.
965 1931 1047 1990 Hinc

234 2014 366 2071 insertur
385 2011 410 2073 l.
430 2011 517 2070 sotus
536 2017 571 2070 de
582 2011 659 2088 Just.
678 2015 739 2086 hg.
770 2029 817 2084 qu.
828 2027 856 2082 7.
886 2021 946 2065 ert.
961 2025 986 2065 ι.
1007 2008 1048 2062 ad

233 2105 265 2146 ι.
285 2085 311 2144 ἃ
333 2085 402 2146 Led.
423 2089 515 2147 Burin.
535 2086 596 2158 Sa,
617 2084 758 2152 Machares.
788 2083 893 2143 Palae.
922 2101 959 2140 iic
977 2079 1048 2138 Ma·

233 2164 318 2222 ιιιιιι.
340 2185 358 2220 a
379 2165 421 2220 ud
440 2163 544 2225 sanci.
564 2166 617 2222 soc.
637 2162 688 2223 cir.
710 2164 745 2218 dr
764 2159 860 2220 Matr.
888 2156 928 2216 D.
949 2174 994 2228 ¹4·
1014 2175 1043 2214 n.

232 2253 264 2296 e.
284 2252 344 2312 quo
384 2236 404 2294 st
424 2237 493 2312 quis
510 2239 634 2312 prodige
654 2234 767 2310 aliquid
788 2231 956 2308 promiserit
986 2247 1046 2290 iiie·

233 2310 337 2368 tetrici
361 2327 412 2382 pro
433 2313 483 2368 usu
503 2315 658 2384 corporis,
686 2326 746 2367 non
777 2321 896 2367 tenetur
930 2308 1046 2365 solvere

236 2381 384 2442 emessum
397 2403 414 2460 3v
427 2385 520 2458 quia,
539 2401 606 2444 cum
627 2384 661 2443 fit
695 2382 833 2458 promissa
861 2397 907 2440 res
935 2382 1046 2438 illicita

234 2459 350 2515 ratione
373 2459 617 2530 prodigalitatis,
635 2459 783 2531 promissio
801 2459 884 2516 nulla
903 2453 964 2513 est.
983 2454 1044 2540 Re·

233 2528 281 2590 die
302 2531 432 2590 insertur
450 2533 490 2591 ll.
510 2534 602 2594 saliri.
623 2536 676 2592 loc.
695 2551 721 2593 e.
740 2547 809 2590 cum
829 2531 934 2590 allisa
954 2528 983 2584 se
1002 2544 1045 2584 ci·

234 2607 328 2674 tatis,
347 2609 428 2680 quoii
449 2605 467 2662 si
489 2623 535 2665 res
554 2606 692 2681 promissa
711 2604 744 2664 sit
774 2603 988 2675 impartibilis,
1006 2599 1044 2658 ad

231 2680 314 2737 nibil
337 2690 456 2739 tenerur
476 2682 676 2754 promittetis,
696 2683 767 2756 quia
787 2691 857 2737 tunc
879 2693 948 2734 uere
978 2688 1045 2734 tota

234 2754 361 2815 materia
380 2756 486 2842 evadit
506 2758 636 2814 illicita.
656 2829 664 2844 ι
853 2827 859 2840 Ι

233 2827 479 2962 altataria
497 2821 1045 2986 lassataslasatasiiia.

233 2979 358 3037 iiiitteiis
377 2978 633 3046 Matrimonium,
652 2991 721 3034 cum
742 2991 788 3033 res
831 2988 855 3032 it
883 2971 1046 3031 indivisibi-

234 3053 297 3118 lis,
316 3051 344 3111 ἃ
363 3051 511 3127 promissio
530 3064 596 3110 tota
615 3049 705 3123 perse
718 3049 828 3107 illicita
837 3049 966 3113 evadat,
985 3063 1045 3106 non

232 3127 383 3185 tenebitur
413 3125 457 3184 nti
480 3143 517 3184 ue
546 3125 583 3185 ad
608 3125 714 3183 illam.
743 3123 811 3182 Nec
828 3119 945 3189 obsiat,
965 3121 1046 3195 quod

232 3202 321 3271 culpa
340 3143 564 3272 prodigaiiiatis
582 3213 640 3256 noti
660 3196 787 3256 excedat
807 3198 923 3254 reniale
944 3211 1047 3267 pecca·

232 3285 322 3343 tum,·
340 3273 411 3350 quia
431 3272 580 3345 promisso
600 3272 642 3330 rei
662 3273 921 3346 qualitercumque
940 3274 1047 3337 malie,

233 3345 331 3404 adhuc
352 3345 528 3416 venialiter,
549 3358 621 3420 puta
631 3344 796 3403 mentiendi
816 3346 871 3405 dec.
889 3359 944 3401 nec
954 3346 1044 3401 etiarn

232 3417 326 3492 potest
357 3423 450 3478 ullam
479 3437 582 3493 parere
610 3419 854 3493 obligationem,
882 3430 915 3475 ut
941 3431 1046 3475 notant

234 3493 328 3554 Sirim.
344 3493 419 3553 itit.
439 3493 467 3552 ἃ
486 3507 601 3554 certum
622 3493 681 3553 eli.
701 3494 762 3554 Pro
782 3492 969 3550 conclusione
989 3493 1044 3564 igi·

233 3579 283 3624 tur
301 3567 390 3640 liujus
411 3566 528 3639 puplii,
549 3569 625 3626 milii
655 3566 681 3624 ἃ
709 3568 780 3624 aliia
804 3565 896 3626 dosiis
913 3565 1046 3642 Juniori·

232 3641 285 3700 bus
304 3641 320 3714 (
341 3641 423 3700 salio
450 3642 660 3715 sapientiorum
682 3640 797 3714 judicio
822 3643 838 3716 )
864 3638 982 3699 ridetur
1000 3641 1045 3698 di·

231 3717 358 3774 cendum
378 3715 404 3776 1.
424 3717 580 3788 sponsum,
600 3717 651 3791 qui
672 3716 827 3773 antecellit
854 3715 884 3772 ιιι
904 3715 1043 3782 divitiis,

233 3791 265 3848 iii
285 3789 353 3848 casu
371 3792 519 3861 proposito
539 3807 599 3844 tion
619 3791 713 3847 tencri
736 3789 773 3845 ad
784 3788 1044 3858 Matrimonium,-

229 3877 345 3922 necnon
364 3865 523 3920 venialiter
542 3879 664 3936 peccare
675 3862 789 3918 ratione
799 3863 1043 3933 prodigalitatis,

228 3935 345 3994 fiillud
365 3937 541 3995 contrabat.
570 3933 740 3994 Dicendum
763 3934 804 3994 ll.
826 3937 883 3992 boe
904 3939 1042 4008 procede·

232 4027 283 4079 re,
302 4009 403 4068 dando
422 4011 452 4066 in
474 4012 610 4066 terminis
631 4025 706 4066 vera
726 4009 969 4081 prodigalitatisi
992 4029 1057 4084 ire-v.

231 4095 419 4154 rumtamen,
438 4099 505 4142 cum
527 4087 613 4156 culpa
630 4085 850 4156 prodigalitatis
861 4099 917 4139 iion
930 4084 963 4143 sit
976 4089 1041 4157 pius

229 4173 318 4242 quam
343 4160 492 4226 venialis,
512 4174 621 4242 quavis
639 4159 800 4215 mediocris
811 4154 884 4229 justa
898 4160 983 4218 causa
997 4164 1039 4218 ui·

229 4245 306 4291 tium
328 4229 547 4306 prodigalitatis
567 4235 682 4290 aul'eire
711 4230 828 4304 potesis
857 4231 937 4292 Hinc
969 4237 1040 4294 satis

229 4309 416 4366 excusabitur
429 4310 566 4380 sponsus,
585 4307 737 4365 seminam
752 4307 897 4378 disparem
909 4309 1039 4379 ducens,

228 4381 387 4440 inoverit
405 4399 436 4438 in
456 4399 491 4440 ea
525 4385 655 4456 aliquam
686 4383 842 4453 specialem
871 4387 1040 4455 prerogati-

227 4471 318 4522 vam,
342 4458 480 4513 nimirum
502 4455 717 4528 providentia,
740 4456 910 4514 devotionis
935 4494 945 4526 ,
979 4471 1041 4513 ma·

225 4545 289 4604 gne
311 4528 495 4598 honestatis,
518 4533 677 4590 ueletiam
699 4531 824 4605 alicujus
846 4530 925 4588 dotis
954 4545 1040 4588 natu·

228 4607 322 4672 ralis,
343 4619 464 4676 propter
484 4621 575 4680 qnam
587 4617 671 4680 putet
685 4606 800 4676 sponsus
810 4620 876 4661 cum
891 4607 946 4661 illa
959 4605 1041 4676 quie·

226 4693 288 4737 tam
309 4678 417 4736 ducere
439 4683 551 4737 uitam.
571 4681 650 4738 ilinc
670 4679 796 4736 insertur
816 4681 866 4735 vix
879 4678 978 4736 casum
993 4693 1040 4734 ac·

226 4753 328 4810 cidere
350 4752 448 4823 posse,
468 4757 546 4829 quod
567 4754 684 4826 sponsus
705 4769 768 4810 eam
789 4752 898 4808 ducere
919 4767 977 4806 non
998 4765 1040 4808 te·

226 4841 354 4894 neatur,
371 4833 443 4902 quia
464 4826 603 4887 tariffime
625 4828 719 4885 deerit
740 4829 842 4899 aliqua
855 4843 891 4882 ex
914 4825 1040 4883 ltiscau·

227 4902 281 4970 fis,
300 4919 363 4976 quic
382 4909 498 4974 culpam
528 4901 747 4976 prodigalitatis
777 4897 958 4957 excusabit.
986 4899 1039 4955 Di·

227 4977 353 5034 cendum
375 4977 432 5035 lll.
453 4981 531 5052 quod
553 4977 620 5034 casu
639 4991 699 5050 quo
720 4974 836 5043 sponsus
857 4975 887 5030 vi
917 4976 1039 5044 promis·

230 5047 318 5108 donis
337 5056 472 5121 copulam
494 5049 649 5110 extorserit
675 5066 691 5105 a
712 5049 850 5118 virgine,
870 5049 918 5103 uel
950 5066 967 5105 a
987 5055 1041 5106 ια·

227 5123 311 5182 mina
331 5123 470 5190 lroiiesla,
490 5141 560 5183 tunc
580 5123 704 5180 omnino
724 5134 843 5180 tenetur
863 5137 929 5179 eam
952 5123 1041 5178 duce·

225 5213 277 5328 'ab‘
298 5196 749 5344 tl¹²as³i³ltllsiilii⁵’
769 5197 1039 5349 stabilisti

730 5305 741 5342 2
1027 5307 1039 5341 θ

673 244 755 328 Lib.
771 247 840 325 vl.
866 241 1074 324 Tta&.V1.

1100 246 1159 326 oe
1183 205 1454 328 Memnonio.
1505 229 1514 245 “
1548 217 1555 303 ἰ

1092 385 1157 434 „aut
1176 375 1283 434 saltem
1301 373 1462 461 aequivalet
1481 367 1610 434 etardus
1631 373 1663 436 di
1714 377 1814 438 ritatls
1837 377 1929 452 spent

1102 448 1143 522 ῆς
1169 448 1197 507 ἀ
1225 449 1310 527 ideo·
1336 465 1367 505 in
1405 466 1442 506 eo
1473 450 1542 508 casu
1571 454 1669 523 promi
1739 452 1817 512 sabia
1843 457 1919 512 bene

1100 521 1141 584 au
1168 523 1295 592 valida,
1326 537 1394 581 cum
1428 523 1490 598 jain
1524 525 1654 587 adsuerit
1692 531 1846 604 equalitas
1882 529 1917 586 in

1100 595 1256 656 contraditi
1277 597 1336 656 sine
1352 600 1430 658 vitio
1441 598 1684 672 prodigalitatis.
1705 603 1745 660 Et
1765 605 1827 661 lioe
1848 619 1917 674 pro·

1099 670 1222 730 cederet
1240 671 1256 743 (
1271 671 1355 743 juxta
1374 673 1404 731 id
1424 676 1504 749 quod
1525 678 1567 733 ait
1580 672 1659 760 Lago
1679 677 1795 752 desitis.
1815 675 1914 762 ιλιι.
1997 727 2004 733 .

1099 762 1193 886 itii,
1210 749 1512 904 {disimilis
1527 748 1916 898 ,iiiiiisst‘ffiii'nffl

1100 908 1155 950 ina
1173 895 1363 956 amittenda.
1382 895 1451 956 Hoc
1470 902 1571 956 tamen
1584 897 1698 966 currit,
1718 899 1738 956 si
1758 897 1914 972 disparitas

1103 967 1139 1026 sit
1157 979 1277 1026 tantum
1296 968 1329 1026 in
1348 969 1486 1046 divitiis;
1507 987 1575 1030 iiam
1597 971 1617 1028 si
1636 970 1711 1033 sitin
1729 973 1909 1042 nobilitate,

1101 1053 1174 1100 tuiic
1194 1043 1309 1102 etiams
1328 1044 1524 1104 intercesserit
1544 1043 1726 1117 defloratio,
1745 1061 1805 1104 non
1832 1058 1920 1106 terte·

1102 1127 1152 1174 tur
1171 1117 1217 1175 eir
1238 1117 1275 1176 ad
1296 1117 1529 1178 Matrimonium
1548 1135 1617 1179 cum
1650 1120 1799 1179 dedecore
1830 1120 1922 1178 ιιιιι·

1102 1192 1166 1259 lire,
1186 1190 1249 1248 imo
1266 1193 1461 1266 probabiliter
1479 1211 1535 1254 nec
1555 1197 1646 1254 etiam
1666 1194 1704 1254 ed
1726 1194 1867 1257 damnent
1880 1194 1920 1252 ll-

1102 1266 1217 1333 latum,
1236 1281 1268 1324 ut
1286 1266 1420 1326 diximus
1440 1269 1493 1327 iit.
1507 1289 1531 1343 ι.
1552 1271 1638 1342 iada.

1124 1337 1191 1424 ,Ad
1212 1340 1242 1396 id
1261 1353 1362 1428 autem
1382 1344 1462 1417 quod
1482 1343 1549 1403 Di).
1571 1344 1696 1414 dicunt,
1715 1355 1750 1404 ut
1767 1345 1853 1419 supra
1870 1342 1917 1429 di·

1101 1413 1918 1568 silisaiisitistis,ti¹ist2⁰l⁰tistltltltl,i

1102 1565 1580 1700 {assalliret-isaari
1680 1565 1920 1714 'tanati

1101 1727 1166 1768 mus
1184 1715 1223 1787 ),
1242 1711 1262 1769 si
1281 1716 1480 1786 probabiliter
1500 1679 1662 1775 timeaiitur
1692 1717 1828 1785 damna,
1859 1724 1912 1774 aut

1101 1785 1174 1842 odia
1196 1788 1453 1862 propinquorum
1474 1792 1622 1849 rationem
1644 1785 1822 1858 asserentes,
1849 1789 1922 1864 quit

1100 1874 1137 1916 eo
1157 1862 1225 1918 casu
1244 1864 1378 1934 grauiter
1398 1879 1538 1936 peccaret
1558 1865 1676 1936 sponsus
1689 1877 1794 1922 contra
1813 1862 1915 1922 cliar'i-

1099 1944 1213 2002 tatem,
1233 1935 1261 1993 a
1279 1937 1369 2004 ideo,
1389 1955 1457 1996 curn
1479 1939 1711 1997 Matrimonium
1740 1940 1818 1998 illud
1845 1953 1918 1996 con·

1098 2011 1221 2066 trabere
1244 2024 1313 2067 tunc
1333 2009 1405 2069 esser
1424 2031 1470 2071 res
1491 2015 1625 2082 illicita,
1643 2030 1703 2072 non
1724 2009 1819 2084 potest
1846 2027 1916 2086 pro·

1099 2081 1193 2138 miffio
1212 2081 1288 2141 tatia
1307 2086 1344 2142 ad
1364 2086 1447 2144 illam
1470 2089 1625 2160 obligare.
1656 2088 1699 2146 Et
1717 2089 1756 2144 ob
1786 2088 1915 2148 eandem

1099 2159 1246 2214 tationem
1267 2158 1342 2216 dicit
1363 2159 1468 2220 tarel.
1499 2165 1522 2220 s.
1541 2182 1567 2223 c.
1597 2179 1805 2238 nm.3.'cltm
1834 2158 1919 2222 Neue

1098 2231 1223 2292 cnaei.
1244 2232 1312 2308 Lep.
1335 2233 1367 2294 bt
1386 2235 1472 2294 Gerr.
1493 2237 1550 2294 boe
1571 2237 1731 2294 dicendum
1750 2233 1912 2301 ‚etiamsi

1097 2307 1198 2381 sponsa
1209 2306 1433 2367 deflorationem
1444 2308 1522 2381 passa
1533 2310 1642 2365 suerit.
1666 2309 1705 2364 Et
1725 2304 1838 2364 etiamsi
1851 2309 1866 2376 (
1879 2316 1914 2366 iit

1101 2383 1187 2440 addit
1206 2382 1310 2439 sanes.
1331 2384 1405 2440 idid.
1426 2396 1494 2438 cum
1514 2379 1609 2452 senez
1626 2384 1641 2455 )
1660 2382 1743 2437 nulla
1762 2379 1797 2437 sit
1827 2380 1909 2436 iiitei·

1096 2458 1309 2512 contrahentes
1327 2456 1512 2526 disparitas.
1542 2454 1654 2512 Fateor
1684 2452 1806 2529 quidem
1832 2456 1913 2512 itanc

1096 2526 1154 2586 esse
1186 2545 1372 2586 communem
1392 2528 1590 2596 sententiam,
1610 2531 1637 2585 a
1656 2528 1756 2600 perse
1787 2531 1914 2601 laquem

1098 2602 1137 2660 do
1158 2619 1278 2672 veram,
1299 2603 1418 2678 quando
1446 2601 1525 2661 filius
1552 2605 1711 2661 commode
1742 2601 1915 2674 eujusmodi
2010 2621 2013 2632 ·

1097 2676 1233 2734 scandala
1260 2678 1356 2736 vitare
1385 2676 1501 2751 posset;
1533 2679 1582 2735 seii
1603 2678 1624 2734 si
1646 2694 1705 2735 non
1764 2675 1816 2734 sset
1849 2678 1909 2735 sine

1096 2751 1181 2823 gravi
1204 2753 1255 2808 suo
1274 2755 1487 2822 incommodo,
1509 2755 1618 2826 rationi
1642 2753 1718 2810 addu
1747 2769 1769 2806 ι
1790 2752 1910 2812 uidetur
1968 2787 1972 2791 .

1096 2823 1228 2893 obliare,
1250 2829 1329 2900 quod
1348 2832 1483 2888 ebaritas
1502 2843 1560 2886 non
1581 2828 1698 2900 obligat
1727 2841 1795 2883 cunt
1822 2825 1910 2898 graii

1097 2900 1401 2975 incommod031iinc
1429 2905 1527 2976 puella
1556 2903 1593 2960 ad
1622 2901 1744 2960 vitanda
1773 2901 1912 2961 seandala

1098 2976 1229 3035 uirorum
1250 2991 1308 3031 nmi
1335 2990 1456 3036 tenetur
1483 2989 1624 3050 perpetuo
1651 2977 1736 3034 domi
1762 2989 1913 3060 manere,

1097 3063 1134 3106 ne
1154 3049 1205 3106 diu
1226 3050 1274 3106 sua
1296 3052 1439 3110 libertate
1459 3055 1616 3126 privetur;
1644 3053 1715 3127 quie
1742 3065 1835 3121 grave
1865 3065 1911 3106 tn·
2016 3070 2021 3080 ·

1098 3125 1287 3182 commodum
1310 3128 1366 3182 ltoc
1381 3128 1440 3209 'ipsi
1461 3125 1555 3194 esset,
1575 3139 1606 3182 ιιι
1626 3125 1735 3182 ditium
1757 3122 1797 3182 eii
1815 3123 1869 3184 sil.
1881 3141 1910 3184 ι.

1096 3197 1911 3346 trininitatis‚sinistrali-sai:

1098 3346 1214 3403 bertate
1234 3347 1284 3402 diu
1302 3349 1458 3419 privetur,
1476 3363 1535 3404 non
1555 3349 1772 3417 teneturiongo
1791 3358 1909 3418 tempo·

1099 3436 1131 3477 re
1152 3417 1292 3476 abstinere
1314 3424 1350 3480 ab
1370 3424 1576 3495 egrediendo,
1598 3419 1714 3479 etiamsi
1745 3417 1799 3477 alii
1826 3420 1909 3479 scen·

1096 3494 1197 3551 dalum
1219 3494 1273 3552 fiat
1293 3496 1418 3568 pasl'uri3
1439 3497 1590 3571 quomodo
1600 3493 1679 3552 silius
1699 3493 1910 3553 tenebitursub

1098 3571 1239 3634 mortali,
1260 3585 1296 3626 ne
1317 3584 1452 3642 parentes
1479 3571 1647 3628 scandalum
1669 3569 1821 3640 patiantur
1838 3569 1854 3644 (
1872 3567 1908 3626 si·

1099 3658 1136 3698 ne
1157 3655 1259 3698 tamen
1279 3660 1380 3701 eorum
1402 3645 1600 3702 dedecorent
1629 3643 1864 3773 supponimusq,
1890 3658 1909 3702 ι
1973 3703 1977 3710 ,

1097 3714 1299 3774 Μιιιιιιιοιιιο
1320 3716 1664 3778 desideraioabsiinete?
1683 3715 1813 3774 Fortene
1838 3731 1911 3789 pon·

1096 3789 1141 3845 sus
1161 3805 1220 3846 non
1240 3791 1359 3849 videtur
1379 3809 1468 3865 gratie
1489 3791 1712 3850 incommodum
1742 3792 1910 3860 subiturus,

1096 3863 1117 3921 li
1135 3868 1275 3923 omittere
1295 3879 1421 3938 cogatur
1439 3866 1671 3926 Matrimonium
1700 3883 1767 3924 cuni
1788 3869 1909 3938 puella,

1094 3953 1162 3996 cum
1185 3956 1242 4012 qua
1261 3943 1357 4012 credit
1376 3943 1511 4012 quietam
1533 3937 1687 3998 dusiurum
1707 3941 1802 3997 tritam
1827 3977 1837 4008 ,
1867 3940 1907 3996 ob

1095 4013 1304 4070 vehementem
1326 4015 1435 4069 amoris
1456 4011 1637 4083 paffionem,
1666 4027 1725 4084 qua
1756 4012 1786 4068 se
1815 4011 1907 4070 sentit

1095 4085 1228 4144 effebum
1249 4103 1320 4156 erga
1340 4085 1447 4146 illam?
1465 4103 1559 4156 gravo
1586 4081 1708 4158 quidem
1738 4083 1907 4144 incommo-

1093 4161 1162 4217 dum
1183 4157 1349 4217 existimant
1370 4161 1428 4214 lioc
1446 4172 1550 4215 omnes
1570 4158 1639 4216 DD.
1662 4159 1710 4216 illi
1731 4195 1742 4226 ,
1772 4175 1846 4234 quos
1871 4160 1905 4218 in

1092 4231 1270 4304 precedenti
1291 4231 1446 4306 quastione
1468 4235 1647 4298 retulimus,
1666 4233 1719 4306 qui
1729 4232 1799 4292 ideo
1816 4249 1907 4292 excit·

1091 4307 1153 4363 sarit
1174 4323 1191 4362 a
1210 4308 1296 4376 culpa
1315 4324 1399 4377 graui
1418 4305 1499 4365 filios
1519 4307 1748 4366 Matrimonium
1770 4305 1908 4365 ineuntes

1092 4378 1197 4436 inuitis
1228 4381 1417 4456 parentibus3
1438 4387 1531 4457 quia,
1561 4395 1594 4439 ut
1620 4383 1724 4439 dicunt
1749 4377 1855 4440 Sancb.
1877 4383 1908 4443 d.

1092 4456 1116 4511 l.
1129 4471 1159 4524 4.
1179 4453 1219 4512 D.
1232 4469 1277 4528 23.
1309 4475 1446 4515 numam
1475 4457 1573 4524 El‘col.
1603 4459 1639 4513 de
1659 4455 1795 4514 Matrim.
1824 4453 1904 4515 Dal.

1094 4543 1159 4598 ¹75·
1188 4546 1344 4604 nann723.
1376 4531 1403 4587 a
1432 4531 1526 4588 Salei.
1555 4543 1620 4603 cap.
1632 4530 1661 4587 6.
1691 4547 1824 4603 nemag.
1852 4544 1906 4600 pet

1093 4599 1325 4661 Matrimonium
1355 4607 1479 4679 quisque
1500 4617 1645 4676 perpetua
1664 4605 1814 4676 obligatur
1847 4603 1906 4658 set·

1093 4679 1206 4744 rituti,
1227 4682 1358 4736 maxima
1376 4678 1473 4735 secum
1495 4678 1633 4735 afferenti
1653 4693 1768 4744 onera,
1787 4692 1850 4749 qua
1861 4673 1907 4731 ni·

1093 4746 1112 4804 si
1133 4765 1170 4805 ex
1194 4757 1316 4809 omnino
1335 4755 1496 4824 spontanea
1513 4755 1669 4810 voluntate
1696 4751 1909 4822 suscipiantur,

1091 4821 1274 4884 difficillime
1297 4828 1421 4897 perlecti
1440 4839 1600 4900 poterunt.
1627 4825 1658 4884 sl
1677 4824 1771 4896 igitur
1788 4824 1827 4880 ob
1847 4827 1908 4884 hoc

1092 4898 1240 4957 motivum
1261 4901 1438 4958 excusantur
1457 4899 1514 4957 filii
1533 4902 1568 4958 ab
1576 4901 1718 4973 obsequio
1736 4901 1909 4970 parentibus

1093 4972 1218 5042 debito,
1237 4991 1291 5032 cur
1310 4991 1369 5030 non
1388 4978 1425 5032 ob
1445 4977 1583 5034 eamdem
1612 4975 1762 5030 rationem
1789 4973 1910 5031 excusa·

1094 5046 1202 5102 buntur
1221 5066 1238 5106 a
1261 5064 1407 5121 precepto
1425 5051 1611 5116 charitatis,
1630 5049 1711 5122 quod
1731 5065 1798 5108 cunt
1820 5046 1910 5117 gravi

1093 5121 1286 5178 incommodo
1314 5139 1372 5180 non
1403 5123 1547 5196 obligat?
1575 5121 1764 5196 Qaaproptcr
1801 5123 1910 5177 melius

1093 5195 1255 5252 dicendum
1287 5196 1364 5254 milii
1391 5197 1418 5256 ἃ
1447 5199 1515 5255 aliis
1547 5196 1641 5256 dosiis
1671 5193 1835 5271 junioribus
1863 5192 1908 5249 ui·

1090 5267 1215 5330 debatur
1235 5287 1304 5330 cum
1331 5269 1427 5331 Palae
1458 5271 1499 5333 D.
1520 5290 1548 5333 ι.
1562 5283 1597 5349 p.
1618 5289 1664 5332 ιι.
1691 5277 1905 5400 iiiimqmffinc
