4317 5784
298 311 346 384 ει
722 250 1152 380 uastauere
1177 283 1564 386 oe‘murtmontoy-
1639 331 1642 334 -

235 439 326 494 sltem
345 431 377 491 r'rr
385 435 521 506 savorem
538 430 624 501 ut'rt',
642 449 694 488 non
705 431 804 500 ansere
815 424 844 489 ei
860 429 914 508 jur
923 445 1058 486 reuocen-
1109 425 1198 507 ratio,
1211 423 1253 481 est
1265 463 1283 510 ’.
1295 425 1366 510 quin
1386 425 1518 510 absolute
1537 425 1705 486 concessum
1720 427 1760 488 ess
1779 432 1929 494 aChtslio

250 511 284 566 di
302 529 440 580 animm,-
457 511 536 566 unde
552 525 626 565 uxor
642 521 754 562 tenetur
772 505 800 562 ei
820 508 953 569 reddere,
975 505 1005 560 <b
1017 505 1058 558 ad
1110 499 1242 556 Domino
1255 501 1411 556 dimittere
1425 501 1591 572 Conpugem
1604 501 1841 565 adulterantem.
1854 511 1928 570 Hae

249 601 312 640 enm
332 583 444 652 redire,
459 584 484 654 fi
500 583 596 650 fuerit
616 596 773 646 revocata,
804 578 857 647 nis
880 577 1057 633 desinentia
1111 573 1349 631 sententiamilti
1378 575 1563 646 probabilior
1581 574 1643 642 cll,
1670 578 1774 636 saltem
1805 581 1926 641 fiadul·

246 657 310 733 ejus
327 672 427 715 vorum
447 655 628 716 continentie
645 653 790 722 emiserit.
812 653 851 708 Et
873 651 908 708 ad
926 653 1001 716 noc,
1024 665 1057 706 ut
1111 646 1221 704 terium
1241 647 1273 731 sn
1295 664 1331 705 ex
1350 663 1434 721 parte
1461 651 1603 722 seminam
1629 651 1733 738 durum
1754 655 1832 710 enim
1853 659 1927 716 esset

248 731 383 790 adultera
412 743 550 789 teneatur
571 729 688 796 redire,
715 725 792 784 rede
812 725 886 782 dicit
906 723 1009 781 sanes.
1028 743 1058 782 n.
1110 737 1217 792 cogere
1240 739 1337 780 varum
1370 737 1484 780 eertum
1506 723 1542 780 de
1562 726 1713 784 adulterio
1742 733 1864 798 uxoris,
1891 743 1926 789 ut

248 823 295 875 ²4·
314 807 447 878 (contra
466 803 594 878 Palae.)
614 820 674 858 non
695 801 803 885 requiri
823 815 932 856 novam
943 797 1057 854 senten·
1109 797 1260 866 publicum
1281 797 1374 854 saciat
1391 799 1472 854 illius
1492 799 1605 854 crimen
1618 800 1647 854 in
1670 801 1784 875 judicio
1796 821 1862 862 cum
1874 806 1927 862 suo

246 881 320 937 tiam
339 879 471 955 Judicis.
492 878 612 937 Merito
632 891 706 934 vero
724 873 925 947 attPol.p.6.
942 873 967 943 §.
980 889 1007 942 7.
1028 891 1059 930 n.
1110 882 1253 942 perpetuo
1274 870 1442 931 dedecore.
1472 871 1555 931 Bene
1574 885 1674 929 tamen
1702 876 1834 934 aduertit
1854 881 1926 940 Bon.

248 969 276 1026 3.
295 973 359 1011 eum
379 953 467 1012 Gutr.
486 969 553 1011 rato
572 951 650 1025 posse
669 948 809 1020 compelli
830 961 953 1003 uxorem
975 945 1060 1003 adul·
1110 947 1132 1001 l.
1152 963 1177 1002 e.
1196 945 1275 1016 quod
1298 944 1389 1016 sipost
1410 946 1575 1004 divortium
1595 947 1692 1022 Juuer
1713 964 1800 1022 cogat
1814 952 1927 1026 Conju.

244 1040 342 1084 terant
353 1029 451 1086 redire
463 1027 500 1085 ad
512 1028 631 1092 virum,
650 1035 771 1095 propter
782 1021 956 1092 prudentem
968 1019 1057 1078 tinto·
1110 1033 1176 1088 gem
1188 1017 1226 1073 ad
1238 1021 1491 1089 cohabitandum,
1510 1023 1756 1080 teneturobedire
1768 1044 1778 1097 3
1799 1027 1847 1084 sed
1860 1027 1927 1104 jux·

249 1117 311 1158 retn
324 1103 450 1171 mortis,
469 1099 743 1159 autsavitiasaclle
758 1093 862 1151 abillo
881 1095 1059 1154 inserendo.
1111 1105 1143 1149 ta
1163 1093 1241 1149 banc
1262 1093 1437 1151 sententiam
1459 1111 1519 1151 non
1537 1107 1656 1153 tenetur
1675 1098 1820 1161 reddere.

170 1175 232 1244 ott
286 1173 447 1234 Dubitatur
468 1194 493 1233 a.
513 1175 544 1233 Si
564 1169 682 1243 Conjur
711 1171 880 1238 innocens,
908 1167 987 1226 sado
1013 1169 1057 1230 dl·
1148 1165 1321 1224 Notandum
1344 1182 1444 1252 autem
1463 1171 1533 1237 hic,
1560 1170 1658 1246 quod,
1688 1170 1766 1231 fauo
1795 1170 1926 1246 juridica

244 1253 347 1306 vortio
366 1269 418 1324 per
437 1246 633 1312 sententiam,
662 1245 772 1301 labitur
797 1244 828 1299 in
849 1243 1060 1311 adulterium,
1110 1239 1318 1311 separatione,
1344 1259 1393 1326 vir
1412 1245 1554 1302 innocens
1587 1243 1681 1316 potest
1699 1248 1815 1318 ingredi
1835 1249 1924 1310 Reli·

244 1335 345 1382 utrum
365 1325 390 1382 is
409 1323 529 1381 amittat
549 1320 595 1391 jus
614 1317 652 1379 ad
670 1319 856 1386 divortium,
879 1319 924 1376 ita
944 1329 994 1384 ut,
1015 1320 1058 1375 al·
1111 1316 1253 1386 gionem,
1271 1317 1364 1373 etiam
1384 1319 1481 1375 invita
1502 1319 1662 1387 adultera,
1679 1339 1705 1378 c.
1723 1323 1854 1394 Agarosa
1876 1345 1925 1397 η.

244 1409 313 1456 tero
330 1411 468 1468 petente,
499 1407 639 1451 teneatur
660 1394 696 1450 ad
716 1409 784 1448 cum
804 1391 929 1452 redire.
953 1390 1061 1449 Primo
1108 1405 1137 1458 q.
1153 1407 1180 1446 2.
1200 1387 1357 1464 Potestque
1376 1388 1468 1450 etiam
1483 1392 1612 1451 Ordines
1633 1393 1736 1452 Sacros
1759 1398 1925 1470 suscipere,

242 1469 388 1528 sententia
409 1470 556 1537 affirmat,
583 1469 654 1542 quia
685 1467 795 1539 injuria
824 1465 884 1536 jam
913 1464 954 1524 est
973 1483 1056 1525 com·
1109 1475 1142 1518 ut
1161 1463 1258 1524 susm.
1276 1483 1300 1523 c.
1320 1467 1364 1522 16.
1386 1485 1415 1523 n.
1439 1483 1486 1538 50.
1507 1486 1572 1524 cum
1591 1467 1754 1537 communi,
1785 1488 1926 1532 manente

242 1546 388 1616 pensata,
406 1561 461 1601 nec
482 1544 629 1600 sententia
648 1543 692 1600 ita
714 1541 831 1598 abllulit
844 1541 982 1598 adultero
991 1541 1056 1616 jus,
1109 1548 1211 1594 tamen
1224 1540 1343 1596 vinculo
1357 1537 1576 1608 Matrimonii,-
1592 1542 1714 1612 Quare,
1735 1543 1811 1614 stis,
1831 1549 1926 1606 susce·

238 1631 271 1675 ut
293 1619 433 1676 innocens
454 1615 513 1690 posl
527 1617 690 1674 divortium
712 1613 794 1687 potiit
809 1616 991 1688 adulterari;
1012 1619 1060 1675 ita
1109 1624 1162 1682 pta
1181 1611 1366 1684 Religione‚
1385 1616 1434 1672 vel
1455 1613 1617 1672 Ordinibus
1634 1615 1754 1684 Sacris,
1774 1635 1842 1677 cum
1863 1622 1925 1683 alia

240 1692 326 1750 Pone.
345 1697 367 1752 s.
381 1714 410 1764 9.
430 1713 457 1752 c.
477 1711 522 1749 ιο.
544 1712 572 1750 n.
590 1693 619 1752 d.
641 1691 715 1748 item
734 1701 785 1763 ap.
804 1689 899 1748 sulm.
917 1709 942 1747 e.
962 1692 1005 1750 16,
1027 1713 1058 1750 n.
1109 1688 1229 1755 coiret,
1261 1689 1332 1746 licet
1353 1703 1424 1746 tunc
1446 1705 1506 1744 non
1533 1689 1621 1747 detur
1640 1693 1769 1761 amplius
1787 1697 1925 1756 criminis

241 1783 287 1840 23.
309 1767 339 1824 s.
359 1767 469 1826 Aaron.
498 1766 528 1823 5.
549 1767 659 1824 Bonan.
680 1764 743 1821 Per.
763 1761 835 1822 Dic.
860 1765 933 1822 Con.
951 1766 1058 1834 Aures.
1110 1762 1332 1832 compensatio,
1366 1776 1500 1821 attamen
1520 1780 1622 1821 verum
1641 1764 1820 1825 adulterium
1841 1787 1923 1828 com·

239 1841 299 1898 sot.
320 1839 413 1900 Dian.
435 1839 546 1898 Leones.
574 1838 803 1912 &probabilem
834 1851 942 1894 vocant
963 1839 1057 1900 sulm.
1110 1837 1265 1895 mitteret.
1286 1835 1386 1904 Item,
1406 1838 1427 1895 st
1447 1855 1567 1896 uxorem
1586 1840 1800 1912 cognosceret,
1817 1861 1925 1915 pecca.

240 1933 267 1973 c.
287 1932 444 1974 ro.n.2.
475 1914 608 1972 Secunda
638 1928 741 1971 tamen
768 1910 933 1980 sententia,
965 1931 1056 1988 quam
1108 1922 1154 1967 ret
1174 1910 1295 1984 quidem
1318 1924 1444 1984 peccato
1464 1913 1635 1986 sacrilegii,
1654 1915 1775 1972 sednon
1795 1919 1926 1979 sornica·

239 1989 333 2060 longe
363 1932 592 2060 prostitutorem
614 1989 742 2054 censeo,
768 1985 797 2043 tr
822 1987 926 2043 tenent
947 1987 978 2046 s.
997 1989 1057 2050 Tu.
1107 1984 1219 2045 uenis.
1245 1986 1317 2044 Hoc
1336 1999 1435 2043 autem
1456 1986 1552 2055 esl‘et,
1571 1987 1592 2045 st
1611 1987 1840 2050 Matrimonium
1863 1995 1924 2068 jam

238 2059 312 2136 r'n4.
333 2062 370 2121 D.
383 2079 426 2137 35.
448 2082 477 2135 q.
493 2083 544 2122 un.
561 2065 642 2121 ond
664 2064 706 2118 ad
732 2081 760 2132 4.
779 2060 883 2119 sanet.
903 2064 924 2119 l.
949 2075 996 2121 to.
1014 2063 1054 2124 D.
1108 2060 1346 2117 consummatum
1368 2059 1484 2128 suerit,
1505 2077 1575 2120 nam
1595 2064 1668 2122 aliar
1688 2060 1923 2128 Matrimonium

243 2153 288 2194 ro.
310 2156 340 2196 n.
362 2155 408 2214 3⁰·
436 2135 578 2196 &sulm
596 2155 682 2208 mae.
703 2135 781 2194 Fili.
800 2135 875 2207 Reg.
894 2137 963 2194 Bon.
984 2135 1052 2197 Led.
1108 2152 1159 2206 per
1180 2133 1391 2193 Proseffionem
1411 2136 1599 2208 Religiosam
1628 2139 1724 2212 (non
1751 2155 1852 2200 autem
1870 2163 1925 2212 per

237 2213 270 2266 da·
288 2209 347 2265 alii
358 2249 367 2278 ,
389 2212 462 2267 dicit
484 2227 543 2268 non
563 2213 684 2268 teneri:
705 2209 784 2280 Qaia
803 2225 857 2280 per
876 2208 1054 2270 sententiam
1107 2207 1240 2269 Ordines
1258 2209 1364 2268 Sacros
1385 2212 1510 2283 >etiam
1530 2211 1631 2286 quoad
1649 2215 1802 2272 vinculum
1821 2217 1920 2276 dissol-

238 2283 370 2341 absolute
390 2287 483 2342 latam
503 2283 563 2355 iam
582 2283 723 2340 innocens
743 2283 894 2340 absolutus
911 2284 1013 2341 manslt
1034 2304 1054 2344 a
1105 2287 1210 2358 vitur3
1228 2283 1322 2342 Salm.
1342 2303 1366 2342 c.
1381 2286 1425 2343 16.
1445 2302 1533 2353 n.5o.
1554 2290 1642 2357 6151.
1660 2290 1693 2342 d·
1710 2291 1922 2350 commumke.

238 2357 400 2426 servitute,
420 2359 445 2415 dr
465 2359 583 2416 adulter
602 2359 665 2430 jure
685 2358 738 2415 suo
755 2357 907 2431 privatus.
928 2358 998 2416 Hoc
1007 2372 1053 2418 ta·
1104 2357 1148 2415 sle
1168 2371 1266 2416 autem
1280 2358 1440 2415 advertunt
1461 2358 1554 2415 sulm.
1574 2375 1635 2441 aaa
1658 2400 1664 2416 .
1685 2361 1788 2434 quod,
1809 2362 1827 2417 sa
1848 2383 1919 2425 con.

237 2445 307 2486 rnen
326 2449 385 2488 non
403 2431 556 2504 obstante,
573 2433 612 2491 D.
628 2433 687 2492 Tb.
706 2437 727 2490 s.
748 2453 773 2490 e.
793 2434 834 2487 ad
849 2449 873 2501 ς.
895 2430 932 2489 fic
946 2433 1051 2490 adver·
1104 2432 1156 2505 jur
1176 2434 1318 2488 innocens
1339 2431 1448 2504 absque
1468 2431 1613 2486 sententia
1631 2376 1748 2506 judicis
1768 2437 1921 2509 separetur

236 2507 295 2561 tit:
324 2506 487 2564 secandum
515 2507 681 2581 equitarem
701 2507 802 2581 Jreder
830 2523 868 2562 ert
896 2505 983 2572 officio
996 2513 1053 2574 suo
1104 2508 1143 2563 ab
1156 2505 1377 2569 adultera,vis
1392 2520 1519 2577 unquam
1534 2501 1645 2574 posset,
1666 2509 1922 2586 etiamjurtapri.

239 2581 321 2635 deser
339 2599 403 2636 enm
422 2599 539 2653 cogere,
565 2595 599 2638 ut
619 2597 724 2638 caveat
747 2579 878 2653 periculo
899 2579 1002 2636 anime
1022 2601 1049 2637 e·
1101 2597 1183 2637 mam
1193 2580 1366 2651 opinionem
1375 2589 1406 2633 ut
1420 2577 1742 2649 supra,Sacerdotium
1756 2585 1924 2658 susciperer

233 2651 308 2728 jus,
337 2656 368 2710 st·
381 2655 526 2721 scandolo
557 2654 704 2722 aliorum,
729 2652 868 2726 quamvis
893 2673 949 2710 non
971 2655 1050 2726 presit
1103 2656 1176 2730 quia
1196 2653 1357 2710 difficulter
1377 2653 1436 2708 boc
1456 2651 1925 2730 lieriposletabsquescaodalo.

238 2727 416 2785 revocationi
453 2743 544 2787 erere.
565 2729 604 2787 Et
623 2730 721 2786 innoc
732 2727 1048 2798 omnesconveniuot,
1137 2727 1167 2785 E
1185 2725 1326 2786 converso
1347 2727 1489 2794 adulter,
1516 2741 1573 2784 nec
1601 2730 1693 2788 etiam
1724 2732 1804 2790 sasso
1822 2736 1945 2795 divor-.

236 2815 269 2857 tat
289 2800 392 2858 dicunt
434 2805 618 2874 alm.n.14„
1074 2857 1075 2860 ,
1100 2803 1149 2859 tio
1169 2801 1324 2875 juridico,
1354 2799 1448 2873 potest
1466 2802 1662 2870 Religionem
1694 2805 1838 2880 ingredi,
1867 2825 1922 2873 aut

163 2875 225 2949 569
275 2873 439 2933 Dubitatur
460 2891 485 2950 3.
515 2874 557 2935 At
577 2877 694 2954 Conjur
718 2876 799 2951 pollit
819 2877 984 2936 adulteram
1005 2877 1049 2934 dl·
1101 2877 1304 2936 Sacerdotium
1320 2875 1485 2949 suscipere,
1505 2875 1559 2932 nist
1577 2878 1615 2935 de
1629 2880 1754 2939 licentia
1773 2886 1922 2962 alterius;

241 2949 362 3007 mittere
381 2955 500 3022 propria
514 2946 711 3011 austeritate?
732 2953 850 3010 Adsunt
863 2965 922 3008 tres
935 2953 1049 3008 sentcn-
1104 2957 1151 3008 vel
1173 2950 1227 3010 nist
1248 2953 1330 3011 alter
1358 2950 1420 3024 jam
1440 2947 1546 3036 siarum
1566 2949 1797 3016 irrevocabilem
1816 2957 1920 3020 assum·

242 3023 291 3080 tiae
310 3023 382 3081 satis
409 3025 594 3096 probabiles.
621 3027 725 3085 Prima
754 3025 898 3084 sententia
918 3026 1051 3083 absolute
1103 3029 1219 3098 plerit;
1240 3023 1354 3094 Alias,
1384 3021 1621 3107 srReligronem
1640 3042 1690 3086 aut
1711 3031 1920 3094 Sacerdotium

240 3108 353 3170 negat,
370 3097 396 3155 st
418 3100 495 3155 lianc
515 3113 618 3159 tenent
637 3102 677 3160 D.
690 3102 747 3160 Tb.
767 3101 799 3157 in
809 3118 837 3173 4.
852 3099 890 3156 D.
904 3115 986 3173 Μ.
1001 3121 1051 3158 un.
1104 3102 1247 3173 suscipere
1268 3103 1363 3167 velit,
1383 3095 1444 3156 ello
1465 3115 1527 3170 Jam
1548 3098 1754 3175 assumpserit,
1772 3107 1865 3179 potest
1883 3111 1921 3169 ab

241 3191 286 3229 ar.
303 3189 329 3246 3.
349 3170 421 3229 ubi:
440 3172 610 3230 Divorrium
630 3197 684 3232 non
700 3175 788 3248 potes
809 3174 968 3246 celebrari,
998 3174 1052 3248 nise
1104 3175 1161 3232 illo
1181 3178 1294 3246 repeti,
1313 3175 1340 3232 tr
1360 3186 1479 3230 tenetur
1499 3173 1650 3236 reddere.
1679 3178 1736 3237 Sed
1756 3181 1861 3242 sufficit
1882 3185 1921 3245 ad

237 3243 355 3323 judicio
374 3245 519 3377 decimu.
539 3250 627 3308 Cone.
633 3263 667 3324 p.
679 3249 744 3319 256.
758 3269 788 3306 n.
805 3265 848 3316 14.
862 3265 897 3303 ee
911 3249 1051 3308 Bessarm.
1104 3251 1162 3308 hoc
1182 3251 1309 3308 licentia
1326 3248 1442 3312 tacita,
1463 3259 1496 3303 ut
1517 3245 1627 3307 datter
1639 3251 1735 3312 sciens
1748 3256 1827 3314 bunc
1840 3261 1922 3318 velle

240 3320 355 3386 Aversa
374 3335 422 3392 ap.
465 3324 534 3380 alm.
556 3341 580 3380 c.
602 3325 645 3382 ro.
667 3345 694 3381 n.
713 3325 761 3396 46.
782 3321 899 3387 Ratio,
920 3320 992 3394 quia
1010 3323 1053 3378 se·
1103 3321 1366 3388 mutareslatum‚
1397 3336 1457 3376 non
1476 3321 1643 3393 impediat,
1670 3343 1738 3384 cum
1759 3333 1921 3392 commode

237 3394 357 3465 paratio
372 3393 543 3466 conjugum
563 3395 602 3454 ell
631 3395 706 3454 allio
727 3396 869 3468 publica,
901 3397 1052 3466 pertinens
1105 3393 1207 3470 poffit.
1225 3397 1267 3454 Et
1287 3394 1393 3478 sufficit
1411 3392 1526 3462 etiam,
1555 3395 1673 3456 lialter
1691 3405 1849 3476 requisitus
1867 3425 1920 3468 ne.

238 3467 277 3524 ad
300 3479 452 3525 externam
485 3471 726 3540 gubernationem
743 3491 755 3538 ;
782 3470 859 3526 unde
878 3485 938 3527 non
960 3468 1053 3542 potest
1105 3485 1155 3543 get
1175 3472 1476 3536 reconciliationem,
1496 3481 1528 3524 ut
1538 3468 1645 3530 dicunt
1664 3473 1687 3530 5
1691 3477 1772 3536 ancb.
1793 3481 1921 3542 l.1o.u.

239 3539 304 3598 fieri
323 3543 441 3614 privata
461 3541 636 3602 atilloritate
655 3545 713 3602 sne
734 3544 975 3618 perturbatione.
1004 3545 1053 3601 Se·
1107 3561 1151 3614 rs.
1172 3548 1204 3602 sa·
1224 3561 1268 3614 ¹9.
1288 3543 1424 3600 Osirim.
1444 3543 1627 3616 c.16.n.14.
1645 3563 1714 3606 cum
1734 3551 1922 3624 Comusuers.

242 3617 338 3674 cande
359 3614 524 3686 sententia,
545 3636 633 3696 quam
653 3632 758 3678 tenent
777 3617 876 3694 Leym.
896 3639 920 3676 e.
930 3637 958 3690 7.
979 3639 1007 3676 n.
1023 3617 1051 3676 8.
1105 3617 1173 3676 Die.
1187 3617 1279 3675 Dian.
1291 3619 1360 3674 Bon.
1374 3614 1445 3672 Led.
1465 3634 1501 3672 err
1522 3617 1727 3680 acaunum
1744 3629 1779 3683 de
1793 3631 1921 3687 Conver-

239 3689 265 3744 ἃ
284 3707 314 3758 9.
335 3687 418 3749 Pone.
440 3711 463 3751 e.
477 3695 521 3751 rll.
541 3715 569 3753 n.
581 3713 607 3754 2.
628 3697 660 3753 (r
677 3696 705 3753 6.
727 3699 758 3752 (a
771 3693 793 3751 s
795 3697 865 3754 alm.
883 3713 912 3751 n.
921 3711 969 3764 47.
989 3711 1054 3750 cum
1099 3695 1174 3764 ,sone
1195 3690 1318 3769 conjug.
1339 3689 1463 3748 Addunt
1475 3689 1559 3752 Pone.
1572 3697 1594 3750 l.
1605 3714 1634 3765 9.
1644 3715 1670 3756 c.
1683 3699 1711 3757 6.
1734 3717 1762 3758 a.
1774 3720 1800 3777 3.
1813 3704 1919 3762 sanes.

240 3761 272 3821 s.
293 3765 365 3822 Ant.
387 3766 475 3834 soro,
494 3767 564 3826 Con.
585 3769 673 3828 Henr.
694 3769 767 3828 met.
789 3771 846 3826 dte.
867 3765 1022 3842 distinguit
1042 3803 1052 3834 ,
1106 3787 1135 3824 n.
1144 3769 1172 3826 8.
1193 3783 1261 3824 cum
1282 3765 1369 3831 aliis,
1390 3767 1420 3821 dt·
1440 3763 1510 3823 Pal.
1525 3779 1557 3840 p.
1571 3769 1600 3827 6.
1619 3772 1645 3842 §.
1656 3791 1684 3843 7.
1705 3793 1733 3832 n,
1748 3792 1777 3836 2,
1796 3777 1875 3852 quad
1895 3775 1916 3835 fi

237 3835 264 3893 ἃ
283 3837 431 3905 affirmat,
459 3839 479 3895 sr
498 3841 680 3899 adulterium
701 3841 740 3898 cll
760 3842 910 3898 notorium
926 3859 934 3912 ;
963 3851 1054 3911 negat
1106 3839 1166 3914 poll
1187 3840 1337 3904 biennium
1354 3839 1475 3896 adulter
1493 3855 1552 3897 non
1570 3859 1751 3916 revocatur,
1769 3851 1863 3923 potest
1882 3854 1919 3911 li.

240 3927 335 3978 uero,
367 3911 580 3982 seoccultum,
610 3917 683 3989 quia
713 3928 785 3972 tunc
807 3914 887 3971 sama
905 3913 1053 3986 Coniugis
1105 3917 1176 3972 bere
1196 3915 1386 3986 Religionem
1415 3913 1567 3986 ingredi,
1596 3923 1644 3975 vel
1665 3921 1755 3978 sacris
1774 3927 1919 3999 initiari,

237 3983 365 4041 adulteri
398 3981 502 4052 injuste
531 3989 729 4058 proderetur.
761 3987 795 4043 Id
820 4003 856 4044 uc
876 3985 1053 4044 confirmant
1109 3987 1180 4064 quia
1199 4003 1270 4045 tunc
1289 3987 1425 4044 censetur
1446 3990 1574 4046 alteria
1594 3993 1651 4047 boc
1671 3996 1699 4050 ei
1719 3999 1920 4069 consentire,

240 4075 278 4114 ea
298 4075 321 4116 c.
341 4057 520 4132 Significajli
537 4079 565 4131 4.
587 4065 621 4118 de
644 4061 759 4121 Divort.
788 4005 837 4118 idi
857 4060 990 4117 diciture
1018 4061 1054 4118 Si
1105 4063 1170 4136 jure
1192 4062 1229 4121 src
1250 4061 1422 4134 disponente
1443 4063 1473 4116 in
1493 4064 1699 4133 Autbenrica,
1729 4066 1788 4128 sed
1804 4071 1918 4135 bodie.

240 4131 382 4188 notoriam
401 4131 436 4201 est
456 4134 606 4193 mulierem
619 4136 798 4193 adulterium
812 4134 989 4206 commisse,
1011 4139 1053 4191 ad
1108 4140 1146 4196 C.
1166 4139 1207 4194 ad
1227 4141 1249 4194 s.
1263 4136 1332 4210 Jul.
1354 4139 1389 4190 de
1409 4137 1519 4195 Aderit.

242 4223 306 4261 enm
325 4206 522 4280 recipiendam
546 4212 690 4282 prefatus
710 4209 762 4265 uir
781 4209 845 4281 cogi
872 4208 1052 4277 tondebit,
1142 4247 1165 4279 „
1183 4207 1225 4268 ΙΙ.
1245 4207 1504 4278 Saevitiamarili,
1523 4213 1571 4269 vel
1590 4210 1710 4271 ultoris,
1731 4215 1778 4275 Ex
1798 4235 1876 4294 qua,
1896 4221 1915 4280 fi
1932 4251 1996 4307 970
2103 4277 2135 4307 a

240 4279 293 4349 nifi
314 4281 449 4351 constaret
480 4280 578 4356 ipsum
597 4303 660 4342 cum
682 4283 748 4340 alia
779 4282 961 4340 adulterium
980 4301 1052 4340 rom·
1106 4320 1128 4354 „
1148 4299 1239 4356 grave
1259 4283 1422 4355 periculum
1455 4285 1601 4358 compatri
1620 4285 1800 4358 immineat,
1824 4298 1920 4365 potest

239 4351 358 4423 mififfe.
384 4353 463 4412 Item
485 4375 520 4414 er
542 4377 566 4416 e.
587 4358 734 4433 Euporie
751 4375 781 4427 9.
801 4359 837 4414 de
855 4357 955 4429 spons.
977 4357 1019 4414 ibi
1043 4373 1052 4410 a
1106 4395 1129 4427 „
1149 4359 1298 4428 separatio
1311 4360 1373 4428 peti
1397 4375 1414 4415 a
1435 4356 1556 4433 judicc3
1576 4359 1659 4428 ime,
1679 4357 1699 4418 ss
1719 4379 1847 4445 mortem
1863 4374 1917 4431 mi·

240 4426 360 4485 Nemini
379 4429 450 4486 licet
468 4449 584 4488 uxorem
599 4435 684 4501 suam
711 4433 771 4503 sne
789 4430 943 4500 manifesse
964 4431 1054 4496 causa
1107 4469 1129 4501 ‚,
1148 4445 1259 4500 netur,
1289 4435 1337 4489 vel
1357 4449 1502 4490 venenum
1522 4444 1627 4504 paret,
1656 4437 1749 4506 potest
1768 4440 1919 4505 divertere

234 4499 444 4570 fornicationis
465 4504 629 4565 dimittere.
650 4507 756 4563 Tertia
776 4507 894 4563 demum
910 4505 1054 4560 sententia
1108 4543 1129 4573 „
1149 4519 1217 4564 ante
1231 4505 1350 4578 judicis
1362 4509 1550 4568 consensum.
1570 4506 1651 4566 Vide
1661 4511 1730 4572 Bou.
1740 4515 1763 4574 l.
1783 4515 1919 4596 niumm.

239 4575 374 4634 absolute
395 4577 521 4638 affirmat
530 4579 606 4654 posse
617 4577 680 4638 lieri
693 4581 856 4638 divortium
871 4579 927 4634 stne
941 4579 1055 4634 senten·
1108 4615 1130 4648 „
1150 4579 1216 4638 Per.
1230 4583 1275 4648 se.
1296 4599 1323 4655 3.

238 4649 282 4707 ri,
293 4687 303 4716 ,
316 4649 375 4708 five
386 4652 565 4712 adulterium
581 4654 613 4712 fit
627 4656 774 4726 publicum
788 4693 797 4721 ‚
812 4653 1027 4710 sveoccultunt
1044 4683 1054 4717 ,
1143 4653 1263 4714 Constat
1284 4673 1364 4734 ere.
1384 4672 1419 4711 et
1431 4655 1613 4726 transmissa,
1637 4661 1671 4716 de
1695 4661 1769 4732 Res.
1788 4663 1866 4737 spel.
1879 4667 1918 4726 ob

238 4723 330 4784 rnodo
352 4726 386 4783 stt
406 4740 542 4797 certum,
569 4728 595 4786 dr
615 4745 650 4786 ere
672 4728 854 4801 separatione
882 4741 940 4781 non
960 4725 1053 4780 inter·
1107 4726 1241 4786 sevitiam
1257 4727 1490 4800 Conlusssslmssss'
1506 4733 1631 4789 alterum
1646 4735 1794 4806 sesamis
1814 4757 1920 4811 qum·

238 4801 342 4856 veniat
363 4801 557 4874 scandalum,
574 4803 658 4877 quod
679 4819 736 4859 non
757 4798 842 4876 posfit
861 4801 951 4856 aliter
972 4815 1053 4869 repa·
1105 4803 1152 4858 vis
1172 4803 1224 4860 ille
1234 4805 1273 4858 ob
1291 4803 1412 4875 aliquod
1432 4803 1514 4861 suum
1535 4809 1649 4865 crimen
1670 4811 1760 4866 fuerit
1774 4817 1918 4873 causas:-

241 4875 321 4944 rari;
343 4873 386 4932 ita
405 4875 510 4934 sanes,
531 4879 553 4935 t,
567 4895 610 4935 ιο,
632 4877 731 4936 D.12.
753 4895 780 4934 n.
806 4889 849 4946 3¹.
871 4876 902 4929 st·
922 4889 966 4947 32.
988 4892 1053 4929 crim
1104 4877 1188 4934 vitia
1207 4878 1311 4946 illius,
1332 4896 1356 4936 c.
1379 4879 1412 4932 de
1431 4878 1537 4938 Bened.
1559 4898 1604 4955 32.
1625 4901 1653 4954 q.
1676 4901 1701 4941 r.
1725 4883 1796 4943 Non
1817 4902 1918 4949 tamen

239 4945 325 5012 soro,
345 4945 450 5008 Palae.
472 4947 715 5010 stannatum.
736 4947 857 5006 aedon.
875 4955 946 5018 m.
965 4965 1051 5007 mro.
1105 4950 1161 5007 sane
1193 4951 1339 5010 sententia
1356 4949 1489 5024 judicis,
1519 4953 1718 5026 &polluam
1746 4963 1862 5022 crimea
1883 4964 1918 5021 ur

239 5039 303 5078 cum
323 5018 384 5088 Sa,
405 5021 474 5082 Led.
490 5025 561 5100 Reg.
583 5027 653 5084 Gon.
671 5027 701 5080 ts
722 5021 795 5076 Fill.
811 5021 957 5103 Brobatur
978 5037 1051 5078 ner
1106 5029 1192 5096 plene
1213 5027 1368 5098 probatum
1380 5062 1390 5093 ,
1410 5036 1443 5082 ut
1457 5041 1494 5084 ex
1512 4975 1763 5108 Concflartlaag.
1783 5036 1814 5094 in
1833 5036 1932 5096 c.5e·'

134 5143 144 5150 ,
242 5113 266 5152 c.
288 5093 380 5150 Dixit
390 5094 532 5155 Dominus
553 5115 597 5171 32.
617 5095 753 5170 q.r.ibi:
777 5093 951 5164 Ubicumque
959 5095 1052 5161 forni-
1106 5101 1205 5155 celare
1226 5116 1270 5174 33.
1294 5117 1322 5171 q.
1343 5118 1371 5158 a.

242 5167 322 5224 cotio
341 5169 396 5238 esi,
429 5175 478 5226 uel
494 5167 704 5242 fornicationis
717 5167 868 5240 suspicio,
900 5170 986 5223 lisere
1007 5169 1052 5223 di·
1140 5172 1197 5230 Sed
1216 5175 1357 5247 queritur
1378 5189 1404 5234 r.
1425 5191 1462 5232 an
1489 5189 1561 5236 tunc
1581 5179 1667 5252 posfit
1694 5182 1832 5241 recedere
1849 5201 1989 5268 pro-971

240 5238 374 5298 mittitur
394 5262 486 5302 uror.
521 5243 603 5302 Nota
623 5231 798 5311 Theium,
830 5242 908 5316 quud
930 5243 1053 5302 denotat
1105 5246 1169 5318 pria
1195 5243 1391 5306 auderitate?
1419 5250 1555 5322 affirma,
1583 5255 1602 5312 sr
1632 5257 1797 5327 periculum
1827 5255 1859 5316 ta
1886 5257 1919 5320 ln

241 5317 352 5375 nullam
373 5318 488 5394 requiri
507 5316 706 5388 sentcmiam,
736 5331 786 5376 aut
807 5317 979 5388 scentiam.
1011 5317 1052 5376 Et
1104 5337 1191 5379 mera
1222 5321 1238 5394 (
1259 5333 1292 5380 ut
1314 5323 1356 5385 ait
1377 5325 1429 5386 bic
1449 5327 1616 5411 Bujemi.)
1642 5331 1693 5400 rel
1711 5329 1732 5390 si
1749 5347 1808 5389 non
1825 5331 1929 5462 fusesst‘

1786 5403 1826 5466 lit
1838 5423 1888 5481 ga·
