4317 5784
300 241 369 320 50,

244 345 351 402 Aaron.
371 341 483 400 Palud.
496 341 576 400 Arm.
587 339 686 420 Cajet.
697 342 775 402 Met.
789 340 907 417 Viguer.
929 343 1008 400 Tab.
1025 342 1053 400 tle

243 415 395 476 communi
416 429 449 474 ut
470 415 586 483 asserit,
605 429 637 472 ut
659 432 696 474 ue
716 417 827 476 satetur
855 419 947 478 etiam
975 414 1052 486 Pou-

244 493 317 558 tius‚
329 492 402 550 item
413 493 517 550 Corin.
529 491 636 558 Auers.
674 493 734 550 abr.
747 495 778 550 lb·
789 489 883 551 Dian.
893 494 975 566 apud
986 490 1050 550 sat.

242 581 329 637 ως.
348 586 376 624 n.
392 567 439 635 89.
459 563 511 638 qui
532 566 622 622 etiam
644 567 824 636 probabilem
846 563 1050 640 putaret-tec

242 640 389 697 sententia
408 639 483 697 dicit
513 641 604 696 talem
640 638 866 698 delediationem
894 656 955 700 non
991 637 1049 696 esse

243 717 429 781 mortalem,
451 713 471 770 si
493 713 563 770 abfit
583 714 747 784 periculum
768 716 970 790 pollutionis,
998 711 1049 769 sed
1083 751 1095 760 »

241 797 357 846 tentum
379 788 547 846 venialem.
568 785 619 844 Eli
641 790 790 857 venialis,
809 788 1049 864 quiaipsacaret
1094 819 1098 826 ·

242 861 345 919 debito
363 860 441 930 line,
460 879 528 919 cum
549 877 606 918 non
626 861 711 935 pasht
730 863 861 921 ordinati
892 863 928 921 ad
959 877 1050 932 copu-

233 939 299 1004 lam
342 937 510 1008 rosentem.
531 935 604 994 Non
625 951 722 996 autem
735 936 784 1000 eli
802 935 1048 1009 mortuimaris

239 1013 306 1068 dele
332 1013 401 1068 atio
421 1009 509 1070 sumit
529 1010 607 1069 suam
628 1013 791 1069 bonitatem
821 1013 871 1068 vel
898 1009 1046 1068 malitiam

239 1087 278 1141 ob
296 1084 431 1160 obieblo,
452 1085 478 1144 dr
498 1102 564 1142 cum
584 1085 731 1158 copulast
744 1085 830 1144 licita
847 1083 1047 1158 Coniugatis,

236 1175 297 1216 non
319 1159 412 1232 potest
433 1161 488 1218 eise
509 1159 551 1216 eis
571 1157 704 1230 graviter
722 1159 834 1218 illicita
853 1159 937 1218 illius
963 1157 1048 1216 dele·

235 1231 346 1294 datio.
367 1236 407 1292 Et
427 1235 499 1292 huic
519 1231 646 1305 expresse
665 1232 748 1290 sanet
766 1233 797 1291 id
824 1233 906 1308 quod
935 1234 979 1293 ait
1008 1231 1048 1292 D.

239 1307 307 1368 Th.
327 1312 362 1366 de
382 1310 504 1379 Malea.
517 1322 627 1366 raart.
643 1325 670 1365 2.
691 1309 732 1362 ud
744 1325 789 1380 17.
803 1308 852 1364 ubi
866 1329 874 1364 r
886 1306 972 1366 Sicut
982 1327 1046 1366 car·

236 1383 318 1441 nalis
337 1381 501 1442 commixtio
520 1399 572 1436 non
584 1379 620 1449 eil
636 1394 790 1454 peccatum
810 1385 931 1440 mortale
948 1379 1044 1456 conju·

232 1474 326 1530 gato,
347 1473 406 1511 notu
413 1453 503 1528 potest
520 1455 570 1524 effe
581 1451 709 1527 gravius
718 1468 871 1528 peccatum
895 1458 1044 1524 consensus

216 1532 225 1574 l
237 1529 269 1586 in
289 1529 502 1585 debellationem
511 1547 598 1602 quiem
611 1529 760 1600 consensus
772 1529 804 1588 in
814 1531 926 1590 aslum.
946 1529 1041 1604 quue

233 1603 368 1662 admittit
378 1602 458 1680 spor.
470 1601 584 1660 etiamst
595 1602 739 1660 habeatur
750 1601 908 1670 deleslatio
918 1621 1046 1662 venerea

232 1691 301 1734 orta
321 1694 357 1734 ex
378 1675 581 1736 commotione
602 1676 776 1748 spirituum.
795 1677 902 1736 Tertia
922 1677 1043 1735 demum

235 1753 381 1810 sententia
395 1789 405 1819 ,
423 1767 513 1824 quam
534 1764 637 1810 tenent
649 1751 742 1811 Salm.
753 1753 783 1810 d.
793 1771 817 1814 c.
830 1770 875 1824 re,
885 1772 912 1811 n.
923 1769 976 1822 90.
997 1751 1044 1808 di·

231 1825 353 1898 slinguit
373 1824 400 1883 de
420 1825 496 1886 dicit
510 1825 607 1900 ,quod
628 1825 647 1883 st
670 1823 831 1884 deleilatio
868 1826 903 1884 stt
922 1825 1043 1900 absque

230 1899 435 1962 commotione
455 1900 629 1972 spirituum,
649 1915 708 1957 non
727 1901 791 1957 erit·
806 1901 971 1968 mortalis,·
999 1900 1044 1959 se·

232 1991 284 2030 cus
306 1975 404 2032 sicum
427 1975 631 2033 commotione
648 1973 676 2032 ἃ
695 1973 874 2034 titillatione
893 1979 1044 2045 partium.

267 2049 335 2121 Ego
356 2065 454 2108 meum
477 2045 617 2120 iudicium
633 2048 799 2121 proseram.
828 2049 859 2108 Si
878 2045 1043 2106 deleslatio

231 2124 380 2185 habeatur
397 2139 457 2182 non
466 2123 559 2181 solum
571 2140 638 2180 cum
648 2122 851 2180 commotione
870 2121 1042 2193 spirituum3

232 2197 281 2254 sed
304 2200 392 2256 etiam
415 2215 482 2257 cum
504 2197 681 2256 titillatione
698 2197 749 2264 seu
769 2200 923 2270 voluptate
954 2211 1043 2254 vene·

234 2289 311 2338 ren,
331 2272 427 2332 sentio
448 2289 515 2329 cum
534 2271 658 2329 Concin.
664 2283 697 2344 p.
707 2273 775 2342 408.
795 2291 881 2330 n.to.
908 2271 1043 2342 (contra

231 2343 332 2418 Sparer
355 2346 513 2422 utsupra)
533 2362 596 2404 eam
617 2361 676 2402 non
697 2343 774 2416 posse
794 2345 1043 2404 excusariamor-

229 2420 306 2488 tali,
323 2422 395 2494 ¹quia
413 2421 483 2478 talis
503 2417 666 2477 deleslatio
686 2417 725 2475 esi
738 2420 871 2489 proxime
884 2416 1043 2492 coniunsla

227 2509 296 2550 eum
315 2495 449 2567 periculo
470 2494 662 2565 pollutionis,
681 2491 770 2551 Secus
801 2508 874 2550 vero
901 2505 973 2562 puto
998 2491 1045 2548 di·

128 2601 133 2614 ·
226 2567 382 2636 cendum,
402 2567 421 2624 si
444 2568 516 2626 absit
537 2569 592 2626 illa
616 2565 790 2637 voluptuosa
809 2563 963 2633 titillatio,
973 2565 1044 2639 quia

127 2657 137 2662 ·
231 2655 302 2699 tunc
323 2659 380 2700 non
400 2640 442 2698 eli
462 2637 654 2698 delellationi
676 2641 810 2710 proxime
832 2656 978 2698 annexum
994 2658 1043 2711 pe·

191 2739 199 2755 κ
230 2715 359 2778 riculuhi
382 2717 577 2787 pollutionis,
609 2713 724 2770 etiamst
763 2713 837 2772 adnt
876 2715 1041 2772 commotio

231 2789 411 2862 spirituum
432 2789 459 2845 u
479 2789 518 2846 sto
537 2805 643 2846 revera
662 2787 749 2846 sentit
779 2786 884 2846 Sancb.
905 2791 927 2845 l.
938 2807 963 2847 c.
973 2808 1001 2847 n.
1011 2809 1040 2860 4.

233 2881 298 2921 oum
327 2864 413 2936 Vasq.
432 2879 498 2920 cum
531 2863 572 2920 ibi
592 2879 650 2920 non
671 2860 789 2919 excuset
809 2859 1039 2920 deleslotionent

231 2955 300 3010 cum
324 2941 477 3008 voluptate
497 2953 646 3002 venerea,
666 2935 716 2991 sed
738 2946 855 2998 tantum
876 2937 890 3006 (
912 2948 944 2994 ut
962 2937 1007 2994 ait
1027 2940 1043 3012 )

232 3029 300 3070 cum
322 3013 525 3075 commotione
544 3009 572 3068 dr
592 3009 771 3068 alteratione
792 3011 922 3082 partium
936 3012 1042 3086 absque

231 3085 410 3158 pollutionis
429 3086 583 3156 periculo.
608 3084 651 3141 At
677 3083 750 3157 quia
778 3085 851 3142 talis
878 3086 1044 3142 commotio

237 3161 400 3235 propinqua
422 3159 462 3219 est
481 3159 528 3216 illi
550 3158 725 3216 titillationi
747 3159 943 3234 voluptuosae,
976 3159 1046 3216 ideo

237 3236 370 3291 maxime
390 3235 533 3294 hortandi
554 3231 619 3288 sunt
637 3229 809 3304 Coniugm,
832 3245 865 3288 ut
883 3230 1046 3292 abstineant

237 3309 273 3365 ab
294 3307 462 3382 huiusmodi
483 3304 680 3364 deledlatione
702 3305 924 3368 morosa,1tem
943 3307 1048 3364 adver·

235 3381 360 3440 tendum
382 3399 446 3446 eam
466 3380 521 3439 elle
541 3382 666 3438 omnino
685 3380 826 3437 illicitam
847 3377 879 3436 in
910 3377 1047 3453 Coniuge

237 3459 289 3534 qui
311 3456 380 3514 esset
400 3453 550 3512 obllridius
571 3467 642 3512 voto
672 3451 817 3512 castitatis
842 3489 852 3522 ,
880 3466 912 3510 ut
940 3455 1046 3514 dicunt

238 3529 440 3592 communiter
458 3527 745 3598 sarachamano.
757 3528 847 3588 26AE
866 3527 939 3598 Bois.
969 3549 995 3592 e.
1015 3549 1045 3606 7.

238 3621 348 3702 magr.
363 3625 430 3672 rum
446 3603 536 3682 γαίᾳ.
555 3600 631 3664 filu
649 3601 676 3660 u
694 3602 801 3666 aliiae
859 3639 875 3660 c.

402 3749 880 3818 ARTICULUSII.

331 3904 379 3964 An
397 3899 486 3961 Alius
506 3896 671 4034 mitiib'is
684 3899 723 3969 fit
736 3909 918 3975 prereptus,
935 3903 969 3961 tr

599 3992 611 4030 e
630 3993 639 4028 t
656 3992 713 4038 us,

243 4131 300 4210 938
318 4123 461 4204 Coniuges
474 4137 528 4207 per
540 4125 574 4192 se
593 4137 724 4182 tenentur
740 4123 882 4194 reddere,
900 4126 932 4184 so·
958 4143 1051 4200 quan·

359 4205 447 4272 doque
467 4215 556 4256 atram
573 4211 689 4271 petere,

244 4295 304 4356 939
323 4279 470 4356 Tenentur
489 4273 578 4329 etiam
597 4275 637 4327 ad
656 4267 912 4342 cohabitationem,
930 4271 985 4344 nifi
998 4272 1052 4328 ad·

350 4351 391 4498 l}
406 4347 755 4494 'illutibilis
766 4345 918 4478 tillir
933 4346 1053 4486 slsll·

358 4499 474 4555 lutam?
493 4495 570 4552 Dub.
585 4512 610 4552 2.
632 4493 679 4550 An
699 4509 831 4552 teneatur
857 4513 919 4552 eam
945 4497 1051 4560 alere,

356 4592 409 4630 non
425 4572 526 4638 soluta
546 4561 631 4624 dote?
652 4567 729 4628 Dal.
743 4586 769 4647 3.
790 4569 869 4638 Aust
880 4569 945 4642 ipsa
960 4568 1046 4624 adul·

360 4645 464 4708 terium
483 4640 654 4712 commiserit
667 4653 677 4702 l

244 4741 302 4800 940
320 4723 367 4785 De
387 4717 560 4791 obligatione
578 4715 720 4774 reddendi
741 4715 885 4774 debitum.
896 4713 938 4792 Q.
956 4713 979 4774 1.
998 4717 1047 4773 An

349 4798 387 4870 fit
407 4795 526 4850 mortale
546 4810 649 4864 negare
659 4787 786 4846 debitum
798 4789 889 4858 'fornel
899 4826 908 4856 ,
919 4790 968 4845 vel
982 4791 1025 4846 bis
1037 4791 1047 4848 l

250 4873 254 4883 '
358 4868 446 4947 Quid
460 4867 483 4936 fi
506 4869 581 4924 alter
594 4864 697 4936 rerniffe
704 4876 790 4936 petat
802 4898 811 4930 ,
821 4865 870 4917 trel
878 4861 902 4932 fi
912 4861 1046 4935 precibus

355 4943 462 5003 aedat?
481 4938 569 5018 Quid
578 4939 601 5010 fi
614 4937 800 4994 immoderate
804 4945 908 5008 petat?
929 4935 1017 5012 Quid
1020 4940 1045 5010 fi

351 5021 428 5076 alter
449 5015 566 5088 diflerat
579 5015 704 5086 ¹reddere
734 5013 775 5066 ad
794 5011 882 5090 breue¹
904 5017 1047 5084 tempus?

356 5107 425 5164 941.
445 5091 487 5166 Q.
498 5087 536 5147 ll.
557 5087 603 5144 An
615 5081 828 5156 multiplicitas
834 5083 961 5152 filiorum
966 5088 1045 5160 pofflr

348 5165 397 5234 eise
416 5165 504 5229 causa
519 5161 597 5242 justa
616 5155 743 5231 negandi
762 5155 908 5213 debitum?

243 5259 299 5318 pat.
321 5239 429 5306 Pectat
450 5237 565 5310 Coniux
583 5235 705 5290 reddens
718 5231 752 5298 ,se
771 5229 972 5306 impotentem.

627 191 628 202 '
656 290 659 298 ,
707 213 788 292 nn
818 215 886 306 v1.
912 211 1037 292 praet.
1066 213 1134 290 ut.
1161 216 1220 290 oe
1244 215 1519 296 matrimonio.

1101 357 1160 418 943
1177 347 1239 427 ραι.
1251 343 1275 403 l.
1293 347 1343 404 An
1360 344 1479 429 Coniux
1497 361 1631 406 teneatur
1638 349 1756 408 reddere
1773 351 1865 411 alteri
1872 351 1913 410 is·

1209 420 1297 477 lucete
1309 426 1443 493 petentes
1459 437 1531 494 944.
1547 419 1628 481 Dnb.
1640 441 1665 481 a.
1685 424 1775 501 Quid
1788 426 1815 495 ,s
1824 430 1914 502 culpa

1144 547 1148 552 .
1209 495 1246 559 se
1262 508 1340 550 tenet
1359 513 1397 552 ee
1414 506 1501 568 parte
1514 495 1664 569 petentis,
1682 511 1781 572 neorpe
1803 500 1830 570 fi
1856 501 1912 559 ille

1135 621 1138 627 .
1209 567 1704 638 habeatootamcossitaris‚sr·e.'t
1733 589 1801 643 945.
1832 571 1910 635 Dur.

1213 640 1912 794 ir.bsldeltllltlltslslstsr,bt

1213 807 1278 873 aum
1291 791 1360 856 sola
1379 793 1468 864 calpa
1484 789 1625 853 veniali?
1642 810 1710 866 947.
1719 793 1780 874 Qu.
1794 795 1846 854 lis.
1860 797 1910 854 Aa

1208 865 1305 945 lineat
1321 865 1439 922 reddere
1455 867 1506 921 vel
1521 877 1620 939 petere
1638 867 1734 924 aviro
1744 873 1859 925 volente
1863 872 1913 936 se-

1208 955 1325 1008 minare
1342 941 1561 1014 extravuspoll
1578 944 1711 1014 copulam
1730 942 1907 1016 incoeptam?

1095 1009 1224 1082 9481111
1240 1009 1361 1088 Canius
1374 1027 1512 1072 teneatur
1527 1017 1561 1071 ό·
1577 1015 1656 1087 paffit
1666 1016 1786 1072 reddere
1796 1055 1805 1082 ,
1812 1017 1833 1087 fi
1843 1036 1906 1072 mu·

1206 1101 1260 1142 tuo
1277 1105 1342 1146 cum
1361 1089 1454 1145 altere
1470 1086 1608 1146 voverint
1616 1088 1803 1157 auiditatem?
1822 1089 1910 1170 Quid

1207 1159 1233 1230 fi
1252 1162 1331 1218 alter
1341 1161 1384 1232 fit
1400 1180 1518 1230 umens,
1535 1165 1586 1219 uel
1603 1157 1722 1220 ebrius?

1095 1250 1157 1306 949
1173 1233 1367 1303 incestuosus,
1384 1238 1418 1292 (r
1433 1255 1542 1293 vovens
1560 1233 1722 1306 castitatem
1740 1257 1794 1297 non
1816 1237 1907 1315 pateis

1207 1320 1305 1382 petere
1317 1345 1328 1376 ‚
1342 1310 1397 1377 sed
1416 1325 1530 1367 teretur
1546 1311 1697 1375 reddere„

1093 1398 1156 1452 950
1172 1382 1291 1458 Coniux
1307 1401 1364 1439 non
1381 1398 1497 1441 tenetur
1505 1386 1624 1442 reddere
1632 1403 1695 1442 eum
1701 1385 1794 1461 grain
1802 1389 1907 1451 damna

1198 1457 1280 1525 suo,
1298 1459 1349 1514 vel
1361 1456 1446 1530 proli
1450 1477 1478 1516 r.
1496 1460 1546 1515 rin
1564 1475 1699 1518 teneatur
1706 1464 1825 1520 reddere
1833 1464 1909 1519 alte·

1207 1530 1238 1589 ri
1246 1529 1685 1607 laborantimorboeontagioso?
1692 1534 1784 1614 Quid
1789 1535 1815 1605 fi
1823 1538 1906 1591 dam*
1969 1555 1976 1571 ·

1208 1605 1417 1676 numfitleoe,
1429 1608 1590 1680 &osterse
1608 1611 1759 1682 leprosus?
1778 1609 1867 1688 Quid
1879 1607 1906 1679 si

1207 1682 1347 1736 damnum
1357 1679 1400 1751 fit
1413 1687 1528 1755 grune?
1545 1684 1596 1740 An
1613 1682 1765 1756 tunepaffit
1773 1683 1902 1740 reddere?

1209 1753 1256 1812 Ea
1272 1753 1384 1825 quibus·
1395 1756 1489 1826 causss
1494 1757 1572 1829 ροβε
1580 1754 1697 1833 conjux
1703 1759 1822 1814 reddere
1837 1774 1906 1814 cunt

1202 1828 1297 1900 gravi
1312 1827 1443 1901 periculo
1453 1829 1593 1898 salutis?
1616 1845 1686 1902 951.
1710 1831 1763 1888 An
1788 1829 1905 1904 Coniux

1200 1901 1279 1974 posit
1299 1904 1415 1961 reddere
1432 1921 1500 1959 eum
1513 1903 1646 1977 periculo
1661 1904 1779 1978 prolis?

1092 1990 1151 2052 952
1170 1977 1222 2034 An
1240 1992 1373 2033 teneatur
1393 1979 1514 2034 reddere
1531 1997 1605 2038 uxor
1632 1980 1772 2038 laborans
1793 1977 1874 2046 febri
1895 2013 1906 2046 ,

1205 2051 1256 2106 vel
1272 2063 1397 2122 tempore
1414 2045 1569 2120 menstrui,
1585 2068 1642 2109 aut
1666 2051 1876 2126 praegnationis
1895 2087 1906 2122 ,

1205 2138 1261 2180 aut
1275 2123 1300 2192 fi
1320 2127 1397 2181 alter
1410 2137 1496 2197 petat
1514 2129 1597 2182 modo
1615 2125 1805 2183 innaturali?

1092 2214 1149 2274 953
1167 2196 1257 2274 Quid
1271 2198 1296 2266 fi
1314 2215 1389 2254 uror
1407 2210 1528 2280 experta
1543 2199 1641 2268 fil'in
1659 2199 1803 2271 pariendo
1825 2197 1905 2273 peri.

1204 2272 1305 2328 culum
1321 2286 1445 2338 mortar,
1466 2275 1516 2328 vel
1531 2273 1613 2341 filios
1626 2285 1731 2343 parere
1748 2277 1902 2332 mortuae?

1090 2361 1155 2418 954
1170 2342 1222 2403 An
1240 2342 1402 2415 aliquando
1422 2344 1513 2400 liceat
1530 2343 1672 2417 impedire
1680 2346 1904 2418 generationem?

1113 2468 1118 2477 .
1207 2417 1337 2494 Quando
1351 2431 1541 2488 perterreor
1553 2421 1695 2491 surgens,
1708 2432 1764 2474 aut
1772 2417 1904 2494 mingens

1204 2489 1307 2562 statim
1322 2489 1382 2563 post
1399 2493 1551 2563 copulam?
1569 2491 1649 2550 Dub.
1661 2509 1687 2550 a.
1714 2493 1763 2549 An
1800 2495 1904 2566 puella

1208 2563 1331 2639 oppressa
1346 2563 1424 2637 poffit
1438 2564 1814 2638 flanimeupelleresemen?
1825 2565 1905 2625 Dub.

1209 2657 1236 2698 2.
1254 2640 1303 2694 An
1321 2637 1412 2695 liceat
1431 2638 1565 2712 copulari
1581 2640 1720 2709 senibus,
1747 2641 1798 2696 vel
1824 2639 1906 2710 infir·

1202 2709 1281 2794 mir,
1296 2714 1466 2784 plerumque
1483 2731 1538 2770 non
1564 2712 1736 2775 valentibus
1759 2711 1906 2782 seminare

1201 2801 1286 2844 Mira
1303 2805 1360 2842 vari
1369 2827 1381 2847 ο

1085 2944 1118 3012 ‚v
1205 2932 1275 3006 ΗΡ,
1296 2932 1323 2994 Ῑ,
1353 2935 1420 2994 Eis
1438 2935 1583 3012 coniuges
1601 2938 1686 2996 nulla
1695 2939 1761 3009 lege
1772 2935 1906 3010 oblim·
1924 2939 1987 3033 938

1094 3048 1118 3081 ‚‚
1224 3021 1275 3065 tur
1290 3008 1331 3065 ad
1352 3011 1435 3068 usum
1457 3011 1677 3080 Matrimonii,
1702 3023 1844 3071 tenentur
1861 3024 1905 3070 ta·

1096 3122 1121 3154 „
1141 3098 1208 3142 men
1231 3084 1331 3154 perse
1351 3101 1388 3142 er
1409 3084 1521 3157 iuslitia
1540 3085 1591 3142 fibi
1610 3085 1734 3144 reddere
1751 3086 1907 3154 debitum,

1097 3196 1121 3228 „
1142 3158 1161 3216 st
1183 3159 1262 3214 alter
1279 3157 1317 3214 ab
1336 3162 1434 3217 altero
1455 3159 1604 3232 expresse,
1625 3163 1674 3217 vel
1686 3161 1806 3228 tacite,
1824 3177 1908 3218 vere·

1098 3270 1122 3304 „
1142 3232 1250 3290 cundia
1270 3231 1386 3291 scilicet
1404 3232 1555 3303 obllante,
1573 3245 1675 3307 petat.
1707 3235 1802 3293 Ratio
1828 3236 1911 3306 prio·

1094 3343 1123 3376 „
1144 3307 1184 3362 ris
1204 3303 1263 3371 ell,
1285 3308 1356 3380 quia
1374 3324 1435 3365 non
1453 3322 1574 3367 tenetur
1592 3309 1635 3365 uti
1655 3309 1707 3365 suo
1725 3308 1810 3380 iure.
1841 3307 1907 3365 Ra·

1101 3419 1124 3450 „
1143 3381 1188 3437 tio
1208 3376 1378 3449 posterioris
1396 3382 1529 3456 sequitur
1547 3399 1585 3438 ex
1602 3392 1709 3439 natura
1737 3379 1908 3438 contraditis

1100 3491 1125 3524 „
1143 3454 1260 3510 mutui.
1280 3453 1311 3510 5.
1325 3455 1471 3513 Themin
1484 3459 1609 3531 4.d.3r.
1629 3473 1657 3527 q.
1672 3473 1698 3517 1.
1716 3471 1777 3515 arr.
1803 3471 1830 3513 2.
1846 3458 1909 3518 (rc.

1096 3565 1121 3601 ‚,
1140 3527 1338 3586 communiter
1356 3545 1394 3585 ex
1414 3548 1441 3586 1.
1461 3529 1528 3587 Cor.
1536 3549 1565 3601 7.
1917 3527 1925 3534 ’

1418 3601 1503 3660 Unde
1519 3606 1664 3671 resolves.

1135 3713 1160 3746 ‚,
1182 3693 1207 3735 r.
1227 3674 1347 3733 Neuter
1365 3678 1610 3750 tenetur‚perse
1630 3681 1660 3734 lo
1683 3675 1906 3751 uend0,adpe·

1099 3789 1123 3822 „
1144 3750 1264 3808 tendum
1276 3749 1430 3821 debitum,
1448 3751 1501 3810 ets
1521 3768 1572 3823 per
1589 3695 1728 3811 acciiens
1748 3753 1909 3830 aliquando

1100 3864 1125 3896 ‚,
1143 3837 1305 3897 teneatur3
1326 3827 1376 3882 vel
1396 3843 1434 3883 ex
1453 3827 1626 3895 charitate,
1647 3846 1676 3887 v.
1693 3847 1723 3901 g.
1751 3827 1790 3885 ad
1823 3845 1909 3887 aver·

1102 3900 1268 3985 „tendum
1297 3901 1461 3971 periculum
1494 3902 1719 3960 incontinentia
1750 3903 1910 3960 imminent

1103 3972 1659 4123 illl-‘linit{stillasse
1678 3979 1908 4115 illailla

1104 4159 1128 4191 ‚‚
1149 4121 1258 4191 legali,
1278 4122 1412 4192 eoquod
1432 4122 1509 4179 salus
1540 4125 1661 4196 publica
1688 4121 1908 4192 periclitetur,

1103 4233 1126 4264 ,‚
1144 4194 1197 4251 nist
1216 4193 1314 4265 proles
1331 4195 1486 4255 nascatur.

1141 4305 1163 4337 „
1183 4285 1212 4325 2.
1229 4266 1380 4338 Coniuges
1400 4283 1540 4330 tenentur
1560 4271 1597 4328 ad
1616 4268 1873 4348 cohabitationem
1897 4309 1907 4342 ‚
1960 4271 1963 4277 ’

1104 4379 1127 4412 ,,
1147 4358 1202 4398 nec
1221 4339 1315 4412 poteil
1333 4345 1412 4400 alter
1432 4349 1468 4404 ab
1487 4350 1584 4404 altero
1603 4343 1704 4400 invito
1721 4343 1833 4404 diutius
1860 4348 1910 4405 ab·

1105 4453 1129 4485 „
1148 4414 1225 4483 esse,
1244 4413 1302 4472 sine
1320 4418 1510 4492 nocelhtate3
1531 4419 1601 4492 quia
1620 4419 1681 4472 hee
1700 4419 1847 4492 obligatio
1866 4421 1911 4479 se·

1103 4526 1127 4559 ‚‚
1146 4489 1249 4564 quitur
1268 4507 1305 4547 ex
1324 4493 1511 4565 obligatione
1519 4491 1662 4548 reddendi
1672 4491 1911 4554 debitum.5an·

1101 4600 1124 4633 ‚,
1143 4564 1248 4633 cb.l.9.
1259 4566 1431 4634 d.4.Conin.
1443 4571 1521 4641 d.34.
1535 4563 1716 4635 d.19.Perez
1729 4570 1758 4625 d.
1773 4584 1817 4636 50.
1832 4571 1860 4635 s.
1880 4585 1909 4642 3.

1138 4637 1263 4696 Certum
1283 4637 1324 4696 est
1349 4639 1500 4711 Coniuges
1526 4640 1621 4696 teneri
1658 4652 1696 4696 et
1724 4639 1912 4712 obligatione

1103 4710 1220 4784 iullitiar
1238 4711 1276 4770 ad
1295 4713 1570 4773 cohabitandemin
1582 4712 1685 4771 eadem
1705 4713 1795 4771 domo
1807 4731 1911 4780 „men-

1098 4788 1151 4855 sa,
1169 4803 1204 4844 ac
1223 4798 1291 4843 toro
1304 4808 1318 4856 ‚·
1337 4787 1405 4844 vide
1423 4787 1528 4845 Sancb.
1538 4790 1590 4857 lp.
1600 4788 1639 4846 D.
1649 4807 1676 4858 4.
1688 4807 1746 4847 ruz.
1760 4792 1791 4845 (r
1805 4789 1873 4859 3⁰ss·
1885 4809 1910 4848 c.

1097 4861 1126 4919 ό.
1138 4865 1164 4933 §.
1175 4879 1202 4932 7.
1223 4877 1258 4918 er
1277 4881 1305 4918 n.
1320 4879 1346 4918 z.
1358 4861 1538 4919 Hincinsert
1557 4864 1708 4919 neminem
1737 4860 1910 4936 coniugum

1100 4937 1179 5007 polle
1201 4937 1265 4994 alio
1284 4935 1454 5005 discedere,
1473 4939 1571 4995 altero
1589 4938 1705 5004 invito,
1726 4937 1763 4995 ad
1783 4941 1907 5012 longum

1099 5022 1263 5090 tempnunt
1284 5009 1411 5066 habetur
1429 5029 1467 5068 ex
1487 5029 1541 5069 en.
1562 5013 1597 5066 de
1606 5010 1729 5088 conjug.
1739 5010 1907 5080 leorofiNist

1099 5082 1192 5142 adsint
1191 5080 1280 5212 gullo
1291 5083 1399 5151 causa,
1419 5100 1524 5157 nempe
1544 5087 1584 5140 ob
1604 5084 1712 5142 bonum
1733 5088 1908 5157 publicum,

1100 5159 1151 5215 vel
1172 5173 1190 5214 a
1232 5156 1368 5212 alendam
1389 5172 1441 5217 aut
1459 5160 1598 5216 tuendam
1621 5161 1792 5226 familiam,
1811 5160 1860 5214 vel
1873 5158 1910 5214 ad

1100 5229 1258 5292 vitandum
1277 5230 1421 5292 mmoum
1439 5235 1476 5294 ab
1494 5235 1644 5306 inimicis,
1664 5247 1699 5293 ut
1718 5232 1823 5291 dicunt
1837 5231 1912 5362 {ar-

1492 5347 1497 5357 .
1828 5325 1844 5362 c
1865 5344 1873 5365 ,
