4317 5784
191 1901 246 1958 145

664 345 757 447 Ca'p.
793 353 843 426 ll.
869 350 925 423 De
954 345 1376 424 Eacommunicatione.
1404 339 1497 420 uub.
1527 344 1555 418 s.
1824 346 1902 438 ι4ι”

268 489 339 552 pap.
355 474 402 550 84.
422 479 496 552 mss.
517 479 556 538 R.
568 495 596 534 a.
627 473 755 544 Ratio,
785 477 853 551 quia
884 474 960 533 dicit
979 487 1078 533 textus

264 555 283 625 (
303 555 372 610 vide
392 549 628 628 n.135.)quod
656 548 694 607 ad
721 552 934 624 obligationem
964 548 1079 606 vitandi

261 623 457 694 percussorem
479 624 638 698 requiritur
669 635 704 682 ut
730 624 868 690 conflet,
898 638 957 680 non
985 624 1078 678 solum

261 699 447 769 percussisse,
467 699 516 756 sed
536 696 630 756 etiam
651 697 803 756 censuram
834 694 1007 764 incurrisse,
1036 697 1080 764 lta

263 785 297 827 ut
317 771 425 829 fanum
446 789 503 829 non
524 769 605 843 possit
626 771 741 840 celari,
760 793 809 830 nec
830 773 844 842 (
864 784 935 827 nota
954 783 986 828 ut
1000 768 1080 826 addi·

210 901 216 908 ,
266 849 344 919 tur)
362 846 462 918 aliquo
477 844 621 918 suffragio
639 846 795 912 excusari,
825 844 898 902 ldeo
918 844 1080 916 usquedum

265 935 333 974 reris
353 936 410 975 non
430 921 464 978 sit
483 922 514 976 in
539 917 822 992 judicioconselsus,
843 920 1078 975 autcondemna·

259 1002 330 1059 tut,
350 995 464 1064 semper
486 991 527 1050 ali
551 1009 589 1050 uo
610 991 746 1064 sutl'ragio
767 991 1009 1056 valetexcusari,
1035 991 1078 1046 di·

263 1067 359 1124 cendo
381 1085 409 1124 v.
430 1085 458 1137 g.
478 1068 507 1124 se
517 1010 554 1124 a}
564 1066 759 1124 defensionem
773 1063 933 1135 percussisse
945 1102 953 1132 ,
964 1064 1077 1122 ebrium

263 1138 367 1206 l'uilse,
386 1142 532 1211 ignorasse
554 1139 725 1202 censuram,
744 1138 798 1196 dcc.
825 1138 906 1196 Huic
927 1138 1076 1194 sententiae

265 1213 396 1270 cribaret
411 1213 513 1271 Diana
529 1225 560 1286 p.
572 1231 597 1283 ς.
616 1227 654 1272 ιι.
663 1233 694 1283 9.
713 1213 838 1278 nanno.
868 1212 917 1267 ubi
938 1212 1012 1266 dicit
1033 1232 1075 1279 „·.

263 1283 486 1358 (quamobrem
507 1305 574 1345 raro
593 1286 740 1356 contingit
761 1283 969 1356 percussionem
982 1283 1077 1342 Cleri·

264 1361 291 1437 ci
314 1361 356 1415 ita
376 1364 527 1418 notoriam
547 1361 602 1420 else
622 1359 724 1430 saslo,
744 1372 776 1415 ut
796 1375 854 1414 non
873 1355 955 1430 possit
976 1359 1079 1431 aliquo

258 1435 346 1502 nuris,
360 1435 518 1505 remedio,
538 1447 589 1494 aut
609 1435 819 1507 probabilitate
840 1435 939 1505 aliqua
957 1432 1078 1490 excusa·

264 1507 292 1560 ri
313 1513 334 1544 “
354 1510 389 1582 ).
411 1509 452 1567 Et
469 1510 549 1568 idem
573 1510 681 1570 docent
700 1505 778 1564 Viva
797 1507 876 1584 ρ.3.
910 1505 947 1563 A.
961 1524 987 1564 2.
1007 1526 1035 1564 n.
1052 1521 1077 1576 ς.

265 1578 292 1634 ἃ
313 1579 434 1652 Pignat.
454 1585 529 1654 apud
551 1583 639 1642 Croirt
657 1587 681 1640 s.
691 1601 718 1654 7.
740 1601 768 1637 a.
783 1582 846 1640 181.
867 1580 994 1648 Quare,
1023 1579 1077 1637 nisr

264 1649 365 1708 saltem
386 1653 496 1714 constet
518 1655 617 1726 fasso,
637 1651 1078 1730 quodpercussoradrertenter

264 1727 395 1784 uoluerit
414 1729 568 1790 censuram
586 1730 738 1789 incurrere
753 1727 977 1804 ,probabiliter
1004 1743 1078 1787 nuo·

265 1799 589 1870 quamestritandus.
886 1853 891 1860 .
931 1851 936 1856 Δ

306 1869 469 1932 Dubitatur
488 1896 517 1948 4.
538 1895 575 1936 an
594 1877 743 1950 percussor
761 1875 873 1937 Clerici
893 1876 1027 1934 notorius
1050 1875 1081 1931 in

266 1958 325 2002 uno
345 1949 433 2016 loco,
456 1950 488 2006 srt
510 1950 647 2010 vitandus
668 1953 698 2008 in
720 1951 801 2017 allo,
820 1952 871 2008 ubi
889 1966 949 2008 non
966 1949 1006 2006 eli
1027 1965 1080 2008 no·

263 2021 380 2079 torius?
402 2020 560 2084 Affirmant
580 2025 668 2083 Hurt.
690 2026 759 2082 Bon.
779 2025 865 2096 Vasq.
886 2024 962 2097 apud
985 2019 1077 2082 Salar.

263 2110 288 2150 c.
301 2111 326 2167 3.
346 2115 376 2153 n.
392 2112 439 2152 ao.
460 2099 531 2170 quia
550 2115 567 2156 a
585 2097 726 2157 Concilio
746 2097 881 2155 universe
900 2098 957 2156 suit
977 2098 1077 2156 decla·

263 2180 346 2223 ratus
366 2181 398 2226 ut
418 2171 577 2244 vitandus,
596 2172 648 2244 qui
668 2173 775 2229 alicubi
797 2171 854 2228 suit
867 2173 1000 2229 notorius
1009 2171 1079 2230 Cle·

264 2241 323 2296 rici
342 2242 514 2310 percussor.
534 2245 577 2300 At
599 2241 792 2315 probabiliter
811 2258 921 2315 negant
941 2244 1009 2302 Pas.
1029 2265 1079 2306 nu.

265 2331 294 2383 9.
315 2313 448 2378 Sancbez
466 2317 537 2376 Dec.
558 2317 610 2378 lib.
624 2336 651 2375 a.
673 2330 736 2390 cap.
752 2333 796 2374 rr.
817 2316 843 2372 dr
862 2318 954 2383 Sasm.
976 2329 1041 2390 cap.
1050 2335 1078 2402 3.

265 2404 345 2446 num.
354 2406 402 2446 20.
420 2390 519 2459 Quia,
540 2403 573 2447 ut
592 2391 718 2456 dicunt,
739 2387 846 2449 facium
880 2391 1027 2462 publicum
1048 2407 1080 2450 ιιι

265 2475 325 2518 uno
345 2463 433 2531 loco,
455 2481 513 2520 non
534 2481 604 2522 vere
623 2463 663 2521 esi
682 2463 831 2534 publicum
851 2465 879 2518 in
910 2467 1002 2532 alio,
1032 2465 1080 2521 ubi

263 2536 498 2595 communicatio
516 2555 584 2593 cum
605 2537 867 2594 excommunicato
884 2540 1005 2594 occulto
1022 2553 1080 2595 non

265 2603 351 2664 affert
373 2609 565 2678 scandalum,
584 2611 665 2684 quod
685 2609 826 2681 precipue
856 2609 952 2668 uoluit
970 2611 1078 2668 Conci·

263 2681 338 2736 lium
360 2685 488 2742 evitari.
506 2685 547 2742 Et
566 2685 647 2741 idem
667 2683 746 2757 quod
767 2685 881 2742 dicitur
908 2683 945 2740 de
962 2683 1077 2744 Clerici

260 2753 447 2826 percussore,
466 2758 623 2816 dicendum
645 2757 682 2814 de
702 2761 960 2816 excommunicato
973 2759 1077 2833 inali-

260 2843 323 2912 quo
343 2829 412 2889 loco
431 2831 631 2899 denunciato,
652 2831 742 2893 modo
750 2833 861 2890 notitia
869 2833 1078 2891 denunciatio·

260 2916 310 2956 nrs
332 2918 390 2958 non
411 2902 444 2961 stt
464 2907 546 2964 brevi
568 2909 598 2962 in
620 2907 705 2963 illum
728 2907 820 2964 alium
840 2909 938 2966 locum
952 2922 1076 2980 perven-

258 2984 351 3041 tura,
370 2988 404 3032 ut
423 2977 532 3034 dislum
554 2977 594 3034 esi
612 2979 696 3048 supra
714 2980 801 3048 n.78.

303 3043 423 3108 Ultimo
442 3051 491 3106 hic
512 3049 673 3106 notandum
687 3052 791 3122 quod,
811 3051 962 3126 postquam
982 3053 1077 3111 nosci·

186 3097 226 3154 ¹⁴
264 3124 399 3196 torquis
420 3122 510 3180 semel
529 3121 821 3201 esseqdenunciatus,
841 3125 898 3181 srve
910 3125 1075 3184 declaratus

263 3198 562 3266 excommunicatus,
582 3209 717 3262 tenemur
736 3213 803 3254 eum
825 3199 951 3267 vitare,
979 3199 1074 3258 donec

261 3267 375 3326 constet
394 3273 481 3329 nobis
501 3273 537 3330 de
559 3270 742 3330 absolutione
762 3271 811 3326 vel
844 3289 896 3342 per
926 3273 1074 3345 publicam

261 3342 394 3412 samam,
414 3347 463 3403 vel
484 3345 588 3404 saltem
601 3362 662 3417 per
681 3344 880 3402 tetimonium
912 3345 998 3405 unius
1017 3346 1075 3406 fide

261 3416 366 3488 digni,
385 3419 430 3476 uti
452 3419 577 3477 habetur
597 3420 629 3476 in
648 3418 787 3487 asicat,
809 3436 854 3492 39.
868 3418 912 3477 De
922 3421 1000 3480 sent.
1012 3441 1074 3480 exc.

262 3489 483 3551 Potesttamen
504 3491 555 3565 ipsr
575 3494 835 3551 excommunicato
859 3491 931 3552 fider
952 3494 1075 3553 adbibe-

259 3563 310 3630 ri,
330 3564 350 3620 sr
370 3568 445 3624 alias
466 3567 499 3624 srt
519 3565 711 3638 fidedignus,
732 3567 1075 3626 &timorataconseten

261 3636 334 3706 rie,
355 3637 519 3770 asseratque
540 3641 751 3698 absolutionem
773 3641 939 3712 recepisse,
968 3644 1016 3699 vel
1046 3644 1075 3700 se

261 3723 401 3780 geraeut
420 3716 455 3772 ab
469 3716 603 3772 olutum.
624 3712 671 3771 lta
689 3712 779 3770 Croix
798 3717 820 3770 l.
830 3732 858 3784 7.
879 3734 906 3772 n.
919 3715 984 3774 188.
1007 3732 1074 3773 cum

261 3780 343 3844 Nau.
363 3785 451 3846 Avis.
474 3785 542 3844 Dic.
563 3785 589 3844 ἃ
607 3783 697 3844 Henr.

432 3931 791 3995 DUBIUM
870 3934 912 3994 11.

242 4025 307 4102 Db
338 4059 426 4116 quam
453 4048 572 4112 causam
590 4043 778 4129 incurratur,
798 4048 828 4102 (a
857 4064 938 4117 quern
956 4046 1078 4118 effedam

410 4119 515 4176 babeat
526 4119 789 4179 ‘excommunicatio
816 4120 929 4177 minor?

262 4248 320 4305 ¹⁴7
340 4229 384 4288 ol
400 4248 488 4314 quam
507 4233 625 4300 causam
637 4229 808 4289 incurratur
819 4233 1076 4292 excommunicatio

371 4299 483 4362 maner?
504 4307 568 4377 148.
589 4305 638 4362 An
659 4304 817 4376 Episcopus
831 4305 908 4376 possit
927 4306 1023 4364 alicui
1030 4309 1075 4365 in·

373 4378 513 4437 condicere
534 4379 743 4438 Sacramenta?
763 4378 883 4448 Effessm
894 4379 1016 4436 cirenas
1026 4401 1076 4439 ea·

374 4451 643 4512 communicationis
660 4449 782 4507 minoris
807 4451 843 4518 ιβ
859 4452 996 4522 privatio
1022 4459 1074 4521 su·

370 4527 418 4592 sci
439 4525 520 4582 iendi
540 4525 747 4584 Sacramenta.

267 4618 322 4674 ¹49
339 4601 387 4658 Aa
416 4616 441 4655 ιι
458 4599 594 4672 privatio
613 4597 704 4655 etiam
721 4593 928 4665 ministrandi?

265 4693 319 4746 ¹5⁰
339 4675 458 4746 Effesius
478 4672 614 4730 indiredc
634 4673 671 4741 ess
687 4670 822 4744 privatio
849 4671 991 4741 erectionis
1004 4679 1075 4747 pas·

369 4749 437 4820 five
458 4749 497 4802 ad
517 4746 677 4816 Beneficia.
877 4748 881 4756 '

266 4839 319 4893 ¹52
338 4820 504 4880 incurritur
522 4821 756 4877 communicando
774 4837 838 4877 curn
856 4817 1000 4882 vitando.

260 4913 315 4967 152
332 4898 381 4954 An
396 4894 434 4965 fit
453 4897 574 4950 mortale
596 4894 718 4967 recipere
737 4892 926 4950 Sacramenta
946 4916 1009 4953 cum
1028 4914 1077 4955 ιιι·

372 4966 627 5025 communicatione
657 4965 788 5024 minori?
817 4968 866 5025 lin
891 4967 1075 5040 ministrare?

375 5056 438 5114 153.
458 5039 505 5096 An
525 5041 695 5100 incurratur
711 5042 991 5108 cumsosoveniasii
1012 5060 1075 5114 154.

374 5114 414 5170 Et
427 5133 464 5170 an
473 5115 522 5170 boc
530 5113 648 5170 veniale
653 5114 730 5187 possit
740 5115 836 5171 omitti
847 5116 879 5172 in
889 5116 1074 5187 Canfeffione?

264 5211 316 5270 155
337 5177 419 5270 Quis
434 5188 512 5261 poffit
533 5189 674 5254 absoluere
694 5191 796 5248 abra?
814 5189 960 5247 Auerianr
980 5209 1074 5262 aquo·

375 5267 525 5335 cumque,
553 5261 604 5332 qui
628 5262 715 5332 pateis
748 5264 894 5328 absolvere
918 5264 1074 5324 venialia?

372 5339 439 5412 156.
460 5335 539 5416 Qair
558 5334 853 5405 incurratremrffiar.

1118 2684 1200 2742 Bon.
1222 2685 1260 2743 D.
1274 2703 1301 2742 a.
1324 2704 1351 2756 q.
1363 2701 1388 2760 3.
1408 2705 1436 2743 n.
1449 2704 1476 2756 4.
1497 2683 1524 2742 δι
1544 2681 1718 2742 Namsuar.
1738 2679 1811 2740 Viss.
1830 2680 1942 2810 aliique

1128 5340 1216 5414 Disp.
1227 5359 1253 5398 ι.
1262 5359 1290 5412 q.
1304 5356 1329 5415 3.
1344 5357 1371 5396 n.
1382 5355 1409 5408 7.
1424 5335 1514 5397 crae
1535 5335 1587 5396 iit.
1607 5355 1639 5408 7,
1655 5355 1731 5425 narn.
1755 5353 1817 5410 ¹93·
1840 5337 1934 5481 {izin

1400 5461 1401 5464 ,
1857 5428 1875 5461 a
1895 5448 1904 5468 .

1133 511 1154 543 „
1241 477 1312 547 ΗΡ.
1333 470 1554 534 incurriturob
1575 474 1694 530 unicam
1727 481 1846 538 tautum
1876 473 1942 530 cau}
1967 486 2026 540 ¹4⁷

1134 585 1154 616 „
1253 551 1310 608 snm
1324 549 1360 616 ,sr
1374 549 1440 622 quis
1451 547 1589 605 nimirum
1605 563 1670 604 cum
1683 543 1947 606 excommunicato

1132 659 1154 689 „
1177 639 1289 692 maiore
1310 619 1618 679 excommunicatione
1628 620 1830 676 eommunicet
1851 617 1944 676 iisct·

1133 732 1154 764 „
1177 696 1271 763 fiber,
1292 698 1394 770 quibus
1416 713 1475 752 non
1496 695 1586 768 licet3
1610 691 1728 750 esibiles
1748 689 1787 747 esi
1816 687 1945 762 privatio

1134 805 1156 836 „
1175 771 1434 830 Sacramentorum
1455 769 1673 843 perceptionis.
1695 761 1735 825 V.
1753 763 1856 840 Laynr.
1876 765 1898 820 s.
1920 781 1944 822 ι.

1134 880 1155 910 „
1175 860 1197 902 t.
1215 863 1241 913 ς.
1258 859 1289 918 p.
1303 863 1328 902 a.
1349 864 1371 902 c.
1384 862 1409 918 3.

1171 917 1276 988 Quoad
1296 919 1410 976 causam
1431 920 1544 991 igitur,
1564 913 1837 974 excommunicatio
1849 908 1944 972 minor
1966 911 2020 982 rab

1130 989 1166 1052 de
1189 991 1252 1066 iure
1272 992 1434 1049 incurritur
1451 1006 1568 1052 tantum
1594 995 1630 1047 ob
1643 989 1945 1048 communicationem

1130 1081 1198 1122 curn
1219 1067 1479 1123 excommunicato
1498 1066 1640 1126 vitando.
1672 1064 1740 1122 Hoc
1763 1073 1863 1120 tamen
1883 1073 1942 1116 non

1131 1138 1281 1210 impedit,
1302 1154 1333 1196 ut
1354 1137 1442 1196 docet
1463 1139 1560 1215 Laym.
1583 1143 1643 1197 l.r.
1674 1154 1752 1206 ras.
1780 1149 1811 1207 p.
1824 1153 1851 1216 ι..
1881 1149 1945 1216 ι.3.

1125 1231 1195 1296 .n.'5.
1216 1214 1372 1287 quominus
1392 1200 1554 1349 Episcopus
1575 1216 1730 1283 inpoenam
1752 1211 1946 1282 alicujuscrr·

1130 1288 1220 1342 minis
1241 1285 1328 1358 pollit-
1343 1287 1442 1344 nomin
1467 1289 1521 1346 tim
1546 1287 1636 1344 alicui
1655 1283 1833 1341 interdicere
1862 1281 1943 1338 usum

1132 1358 1270 1432 pallivum
1292 1360 1451 1418 Sacramen
1468 1379 1574 1427 orum,
1604 1360 1651 1415 vel
1680 1357 1782 1412 saltem
1802 1355 1944 1430 Commu·

1131 1433 1245 1491 nionit.
1266 1433 1375 1503 Quoad
1395 1433 1449 1491 et'r'e
1481 1451 1527 1492 um
1553 1449 1644 1500 vero,
1673 1431 1945 1488 excommunicatio

1131 1507 1229 1564 minor
1249 1510 1368 1564 unicum
1391 1520 1505 1565 tantum
1528 1505 1660 1565 etl'eslum
1681 1501 1820 1560 direslum
1836 1504 1945 1570 babet,

1131 1597 1237 1652 nempe
1257 1580 1375 1650 privare
1395 1581 1585 1652 perceptione
1604 1579 1881 1644 Sacramentorum,
1908 1593 1944 1634 er

1132 1673 1157 1713 c.
1177 1653 1211 1711 Si
1230 1656 1375 1722 celebrat,
1396 1654 1623 1712 decimiacum
1645 1649 1943 1724 Ibiquedrcilurgra·

1131 1729 1209 1790 viter
1229 1745 1370 1798 peccare,
1391 1727 1448 1801 qui.
1462 1730 1519 1786 hac
1541 1724 1852 1807 excommunicatione
1873 1725 1944 1780 irre-

1133 1801 1206 1860 titus
1225 1801 1448 1860 Sacramentum
1461 1801 1581 1876 aliquod
1601 1799 1739 1869 suscipit,
1760 1807 1792 1852 ut
1812 1793 1850 1852 ed
1863 1810 1943 1854 cont-

1133 1891 1220 1932 mune
1243 1877 1318 1948 apud
1338 1875 1407 1936 DD.
1428 1877 1528 1933 valide
1548 1887 1649 1932 tamen
1679 1870 1833 1944 recipere.
1864 1870 1944 1930 Vide

1133 1947 1228 2008 Sasm.
1247 1953 1281 2005 de
1300 1950 1385 2018 Gens.
1405 1955 1429 2007 ι’.
1442 1966 1467 2024 3.
1488 1969 1515 2008 n.
1531 1966 1592 2019 ¹59·

1168 2022 1224 2083 Sed
1246 2039 1383 2098 magnum
1406 2022 1525 2080 dubium
1540 2019 1599 2091 est,
1620 2037 1655 2080 an
1678 2019 1728 2078 hic
1740 2033 1766 2150 ὅ

1131 2110 1284 2156 eramenta
1306 2095 1517 2155 ministrando?
1537 2097 1702 2156 Commune
1722 2111 1739 2151 e
1781 2094 1859 2150 inter
1879 2091 1943 2150 DD.

1130 2173 1268 2244 (contra
1289 2171 1373 2244 Vasq.
1388 2175 1409 2245 ,)
1427 2187 1484 2228 non
1505 2188 1628 2243 peccare
1649 2168 1801 2239 graviter,
1821 2168 1891 2240 quia
1911 2167 1942 2222 in

1132 2247 1162 2304 d.
1182 2265 1206 2304 c.
1228 2245 1262 2302 Si
1281 2247 1426 2313 celebrat,
1447 2243 1596 2318 postquam
1619 2241 1757 2302 Pontifex
1780 2239 1855 2298 dicit
1876 2257 1943 2311 pec·

1131 2333 1200 2375 care
1220 2317 1371 2390 grauiter,
1391 2317 1409 2374 st
1429 2318 1619 2376 Sacramenta
1640 2315 1784 2384 recipiat,
1806 2313 1940 2396 addidit:

1134 2389 1241 2450 Pectat
1262 2405 1359 2449 autem
1369 2391 1535 2458 conferendo
1544 2391 1565 2446 5
1566 2403 1749 2452 aeramenta,
1772 2386 1819 2443 sed
1832 2402 1886 2442 non
1899 2386 1942 2442 dt-

1132 2467 1180 2522 xlt
1199 2465 1353 2538 graviter.
1383 2463 1464 2522 Hinc
1496 2455 1687 2536 probabiliter
1715 2460 1847 2541 'sentiunt
1873 2459 1943 2520 Pal.

1133 2537 1173 2596 D.
1186 2555 1211 2595 a.
1227 2551 1315 2612 par.
1334 2539 1400 2595 n.8.
1420 2538 1502 2612 Sayr.
1522 2539 1592 2595 Con.
1613 2535 1639 2592 ἃ
1658 2534 1743 2590 Auis.
1754 2535 1828 2604 apud
1850 2534 1943 2592 Salar.

1133 2630 1157 2668 c.
1170 2628 1195 2685 3.
1215 2629 1243 2669 n.
1259 2611 1322 2671 160.
1339 2611 1443 2674 saltem
1464 2627 1585 2682 peccare
1600 2609 1776 2666 venialiter.
1799 2611 1943 2666 Attamen

1131 2758 1220 2816 multi
1242 2759 1319 2830 apud
1340 2757 1429 2817 Croir
1448 2760 1470 2818 l.
1483 2777 1511 2830 7.
1532 2770 1775 2824 num.190.cum
1806 2755 1874 2822 Bas.
1915 2754 1943 2812 r'c

1130 2849 1158 2890 n.
1174 2848 1199 2905 3.
1220 2831 1247 2889 Se
1266 2833 1357 2891 Satin.
1379 2851 1403 2890 e.
1418 2849 1445 2906 3.
1464 2831 1620 2893 nemrot.
1640 2839 1741 2886 tenent
1769 2843 1822 2884 nec
1850 2829 1943 2884 etiam

1131 2907 1292 2964 venialiter
1312 2923 1454 2976 peccare,
1475 2907 1544 2979 quia
1564 2905 1594 2961 in
1615 2905 1697 2960 nullo
1719 2900 1780 2975 jure
1796 2901 1942 2974 reperitur

1129 2979 1227 3037 vetita
1249 2980 1277 3036 ei
1297 2979 1493 3048 ministratio,
1513 2978 1561 3036 sed
1582 2989 1696 3034 tantum
1726 2975 1877 3047 perceptio
1893 2975 1944 3034 Sa·

1127 3065 1372 3127 crementorum
1393 3053 1486 3112 immo
1506 3049 1770 3132 expressumin'cit.
1789 3061 1874 3108 textu
1885 3051 1938 3110 ba·

1129 3125 1233 3182 betur:
1253 3127 1328 3184 Cum
1348 3147 1399 3186 non
1419 3127 1560 3184 videatur
1581 3127 1784 3188 acassatroue,
1800 3124 1855 3189 sed
1870 3135 1941 3196 par·

1128 3199 1301 3282 ricipatione
1319 3201 1567 3259 sacramentorum
1586 3213 1729 3256 remotas.
1749 3194 1825 3255 Cum
1840 3199 1938 3254 autem

1127 3272 1240 3334 dicitur
1258 3273 1324 3342 ibi,
1345 3274 1450 3332 Peceat
1473 3275 1656 3347 conferendo,
1690 3271 1942 3343 intelligendum,

1127 3347 1143 3419 (
1163 3347 1264 3404 dicunt
1283 3350 1371 3405 citati
1389 3346 1457 3404 DD.
1478 3350 1492 3419 )
1519 3347 1637 3420 quando
1660 3341 1796 3402 Minister
1815 3343 1851 3401 ad
1873 3360 1943 3402 con·

1128 3421 1282 3478 serendum
1302 3420 1422 3495 aliquod
1434 3420 1678 3485 Sacramentum,
1698 3417 1851 3474 anteillud
1861 3415 1941 3476 aliud

1127 3493 1349 3556 Sacramentum
1371 3490 1511 3564 suscipere
1531 3491 1638 3559 debet,
1659 3505 1764 3560 nempe
1784 3503 1850 3546 cum
1872 3491 1944 3564 Epi.

1128 3568 1230 3640 scopus
1244 3567 1367 3624 confert
1389 3565 1516 3623 Ordines
1536 3565 1661 3631 Sacros,
1683 3565 1730 3618 vel
1751 3580 1817 3619 eum
1838 3563 1941 3622 Sacer-

1128 3641 1181 3699 dos
1191 3637 1437 3701 Communioneni
1459 3633 1602 3708 dispensat
1624 3638 1654 3692 in
1677 3631 1787 3701 Missa,
1807 3652 1879 3706 opus
1899 3637 1939 3696 eli
2017 3646 2023 3654 “

1129 3718 1158 3772 ei
1183 3730 1272 3774 antea
1291 3714 1464 3782 celebrare,
1483 3711 1509 3768 ἃ
1528 3706 1744 3768 Eucharistiam
1773 3707 1941 3780 suscipere,

1129 3789 1164 3850 de
1186 3807 1245 3864 quo
1264 3789 1331 3848 casu
1352 3786 1521 3860 specialiter
1541 3785 1673 3858 loquitur
1692 3791 1813 3850 textus,
1832 3781 1941 3843 &tunc
1991 3811 1997 3828 .

1132 3875 1214 3920 certe
1235 3874 1357 3936 peccat,
1377 3859 1441 3920 imo
1463 3859 1612 3932 grauiter.
1644 3856 1779 3928 Utraque
1796 3859 1942 3917 sententia

1131 3936 1170 3994 esl
1193 3939 1262 3994 satis
1283 3935 1461 4008 probabilis.

1167 4011 1267 4068 Habet
1288 4023 1383 4068 antem
1406 4007 1676 4067 excommunicatio
1697 4004 1793 4070 minut
1809 4004 1935 4066 &elium
1959 4027 2012 4086 ιςο

1129 4081 1262 4142 essedum
1284 4082 1481 4152 indiresium,
1504 4081 1554 4157 qui
1574 4079 1614 4138 est
1634 4082 1765 4153 privatio
1792 4079 1943 4142 elesiionia

1128 4157 1241 4231 passive
1263 4159 1299 4216 ad
1319 4155 1494 4224 Beneficia,
1522 4168 1555 4213 ut
1578 4156 1701 4212 babetur
1719 4174 1755 4214 er
1779 4157 1840 4213 eod.
1861 4175 1884 4216 c.
1905 4157 1942 4215 Si

1130 4235 1270 4292 celebrat.
1291 4231 1351 4302 Qui
1371 4231 1449 4290 enim
1470 4225 1579 4286 diresie
1599 4231 1734 4302 privatur
1762 4229 1942 4290 fuscatione

1128 4305 1405 4375 §aeramentorum
1426 4301 1601 4387 prohibetur
1619 4303 1710 4361 etiam
1730 4245 1941 4363 cininicur-

1127 4378 1235 4436 neficia
1256 4381 1386 4450 recipere
1400 4416 1409 4445 ,
1430 4395 1492 4451 que
1502 4393 1538 4433 cr
1551 4375 1734 4438 institutione
1745 4377 1881 4436 Ecclefiae
1895 4396 1943 4434 or·

1133 4456 1272 4512 dicantur
1294 4453 1330 4510 ad
1349 4453 1548 4526 receptionem
1570 4451 1735 4520 Ordinem,
1754 4451 1781 4509 dt
1811 4451 1847 4509 ad
1868 4449 1942 4508 Mis·

1133 4527 1166 4583 sa
1187 4527 1437 4585 celebrationem.
1458 4525 1499 4583 Et
1520 4527 1659 4598 quamvis
1678 4536 1777 4582 tentus
1803 4527 1942 4597 loquatur

1131 4609 1247 4658 tantum
1268 4601 1304 4657 de
1325 4601 1496 4671 receptione
1517 4617 1568 4670 per
1587 4595 1781 4668 elesiionem5
1800 4596 1878 4654 idem
1900 4609 1944 4656 ta·

1130 4691 1198 4733 men
1219 4674 1418 4733 communiter
1438 4673 1506 4732 DD.
1525 4672 1699 4741 intelligunt
1731 4671 1820 4728 etiarn
1843 4667 1878 4726 de
1898 4687 1944 4729 re·

1128 4749 1266 4820 ceptione
1286 4765 1339 4821 per
1367 4749 1588 4812 collationem,
1617 4743 1645 4801 de
1670 4742 1941 4816 praesentationem,

1129 4835 1192 4881 tum
1236 4823 1285 4881 uia
1305 4822 1407 4881 eadem
1431 4821 1506 4880 ratio
1527 4817 1643 4890 currit3
1673 4830 1737 4875 tum
1759 4817 1828 4890 quia
1848 4821 1941 4878 colla·

1127 4898 1193 4966 tio,
1213 4841 1240 4954 ir
1261 4896 1445 4970 presentatio
1467 4897 1531 4953 sunt
1552 4890 1681 4966 quaedam
1715 4891 1853 4948 virtualis
1883 4894 1943 4950 ele·‘

1129 4969 1207 5030 ilio.
1237 4971 1336 5042 Quare
1355 4982 1418 5028 tarn
1451 4966 1725 5026 excommunicatus
1758 4962 1943 5026 Beneficium

1129 5043 1294 5116 recipiens,
1313 5060 1400 5119 quam
1414 5044 1581 5115 eligentes,
1596 5039 1801 5110 presentantes
1814 5039 1860 5107 ,de
1872 5057 1940 5099 con·

1129 5121 1259 5178 serentes
1279 5131 1349 5176 tunc
1370 5117 1502 5189 graviter
1521 5123 1665 5187 peccant,
1695 5128 1761 5168 cum
1796 5115 1940 5188 transgre-

1128 5194 1249 5250 diantur
1258 5204 1435 5262 preceptum
1446 5186 1581 5247 Ecclesia
1590 5187 1620 5242 in
1631 5203 1661 5242 re
1673 5186 1755 5258 gravi
1767 5227 1773 5244 .
1785 5185 1832 5245 lta
1842 5186 1884 5246 La
1903 5209 1940 5250 m.

1129 5269 1244 5324 l.r.Tr.
1260 5283 1286 5336 ς.
1293 5279 1324 5337 p.
1339 5281 1399 5322 a.c.
1409 5261 1582 5338 3.n.5.Pas.
1595 5260 1700 5333 l).a.p.
1717 5280 1800 5320 ann.
1814 5279 1859 5336 13·
1872 5211 1939 5321 ἔοι.

1767 2029 1872 2087 ιιοιι,
1894 2017 1942 2078 Sa·
1963 2033 2017 2088 149

2103 1251 2140 1274 'N
