4317 5784
294 329 318 379 a
684 295 771 377 Lib.
797 295 872 376 Vl.
892 287 1024 373 Trebi.
1047 299 1121 376 Vl.
1149 299 1210 376 De
1235 293 1513 377 Matrimonia,

240 463 266 500 „
284 443 411 498 errore,
427 429 480 490 vel
496 425 669 502 ignorantia
679 429 760 486 circa
773 421 986 494 subdmniam,
1001 433 1055 482 aut
1105 423 1167 483 ello
1183 424 1255 486 fitie
1279 427 1459 502 promittens
1475 425 1607 500 peccarit
1623 436 1732 489 contra
1752 425 1895 500 iustitiam
1912 473 1928 506 ‚

241 505 449 574 „notabilem
467 503 675 564 conditionem
696 501 940 568 substantialem,
956 498 1056 567 liant,
1104 503 1232 560 alteram
1250 515 1369 576 partem
1388 500 1586 575 decipiendo,
1615 517 1675 560 non
1702 505 1860 568 tenebatur
1879 525 1925 571 ta·

211 643 213 646 ,
240 613 268 648 ,,
283 580 444 639 secundum
461 577 541 637 dida
556 577 598 635 de
614 577 704 636 voto
717 577 746 634 dt
760 571 990 636 Contradibus.
1106 592 1177 634 men
1195 595 1234 635 ot
1253 574 1368 652 juditia
1385 591 1495 650 potiere
1513 593 1613 634 verum
1634 578 1808 637 consensum
1821 624 1834 654 ‚.
1857 601 1928 646 cun,

171 647 230 727 832
285 655 455 726 Quantum
473 669 513 714 an
529 663 667 710 terreatur
686 651 914 710 Matrimonium
935 658 1056 706 contras·
1106 653 1190 710 nulla
1208 651 1238 708 ei
1269 650 1371 710 aderat
1397 650 1550 724 obligatio
1567 651 1752 711 contratrum
1780 656 1927 732 ineundi,

241 728 338 799 ltere,
355 731 407 806 qui
426 725 490 786 flete
510 726 642 798 promisit
655 726 800 798 sponsalia
819 723 992 782 alterium
1009 737 1053 776 re·
1106 727 1134 783 dt
1153 739 1260 783 contra
1280 729 1358 784 alter
1368 729 1484 783 nullum
1502 725 1669 802 acquisierit
1683 727 1730 799 jus
1748 729 1781 784 in
1798 750 1868 792 eum
1886 752 1925 793 ee

240 804 452 875 promittenti?
469 798 571 864 Flslio
589 802 654 860 bac
669 794 967 869 iliverfimodepotest
986 807 1059 852 con·
1109 802 1164 857 luo
1177 800 1341 870 consensu,
1358 801 1429 858 ideo
1445 811 1565 858 tenetur
1580 799 1704 875 quidem
1715 803 1814 876 postea
1833 808 1925 868 ratio·

238 877 374 954 tingere.
398 897 425 937 r.
442 877 475 936 Si
493 877 523 932 ia
538 892 597 934 non
608 877 717 934 babuit
734 875 869 934 animum
877 868 1058 954 contrahen-
1109 891 1151 932 ne
1165 874 1350 948 deceptionis
1368 875 1477 936 damna
1505 875 1671 944 resarcite,
1696 879 1746 936 sed
1765 897 1823 938 non
1843 894 1928 944 tene.

245 950 296 1014 di.
318 971 345 1015 t.
363 951 394 1014 Si
412 965 475 1011 non
491 951 598 1011 babuit
615 949 751 1009 animum
768 948 802 1005 se
816 945 971 1017 obligandi
988 984 1002 1030 ·.
1030 959 1060 1018 ς,
1109 961 1162 1008 tur
1177 948 1297 1008 ratione
1314 948 1514 1022 promissionis
1529 967 1630 1008 vetum
1649 954 1817 1015 consensum
1837 975 1929 1030 pone.

242 1027 276 1088 Si
294 1045 355 1092 non
382 1027 491 1086 babuit
517 1029 651 1085 animum
668 1020 876 1094 adimplendi.
903 1016 942 1081 Iit
958 1033 1061 1091 urimo
1109 1041 1162 1092 re,
1181 1021 1208 1080 ἃ
1228 1023 1461 1084 Matrimonium
1469 1027 1667 1085 contrahere.
1684 1027 1776 1088 Sectis
1788 1051 1862 1092 vero
1881 1035 1925 1094 ab

241 1178 347 1234 mnino
367 1175 496 1234 demerit
515 1172 711 1248 prornittendi
732 1172 893 1228 voluntat.
909 1168 958 1228 lta
975 1167 1057 1252 llius
1107 1169 1518 1234 defloransomninotenetur
1536 1177 1574 1234 ad
1583 1174 1837 1251 Matrimonium,
1855 1191 1941 1244 cuni'

239 1254 277 1310 de
296 1253 393 1311 Matr.
412 1269 439 1324 q.
455 1269 484 1310 r.
500 1265 558 1308 art.
571 1265 596 1308 r.
617 1265 648 1306 n.
667 1264 695 1305 r.
715 1247 748 1303 lt
764 1243 860 1302 Salar.
877 1245 937 1302 eod.
958 1257 1013 1304 rit.
1029 1259 1058 1301 c·
1108 1261 1168 1303 non
1186 1245 1268 1320 potiit
1278 1261 1350 1307 tunc
1368 1251 1488 1308 aliavia
1508 1246 1551 1307 sa‘t
1559 1251 1775 1324 aequivalenter
1785 1257 1929 1320 damnum

241 1343 267 1384 a.
287 1347 315 1386 n.
326 1343 372 1397 ις.
392 1328 428 1384 d·
443 1327 481 1380 de
497 1322 641 1380 Cornuti.
660 1339 688 1380 c.
706 1337 731 1378 r.
750 1337 821 1390 Μ,
838 1332 908 1376 cum
926 1316 1058 1384 saaca,
1109 1322 1276 1391 resarcire,
1293 1335 1328 1380 ut
1346 1323 1478 1381 diximus
1497 1325 1578 1384 Tam.
1589 1324 1612 1383 l.
1634 1328 1656 1384 s.
1668 1342 1693 1400 3.
1713 1347 1751 1385 ex
1768 1333 1875 1403 nom.

237 1395 340 1474 Lago,
355 1400 440 1474 Spin.
452 1401 511 1455 (tc.
520 1393 723 1455 communiter}
742 1393 859 1478 Contra
871 1407 943 1450 veto
954 1391 987 1448 in
996 1401 1055 1476 ter·
1143 1393 1264 1454 Sufficit
1287 1409 1390 1456 autem
1416 1397 1455 1455 ad
1482 1399 1674 1458 validitatem
1709 1402 1919 1475 sponsaliorum
1941 1411 2003 1490 834

237 1475 287 1532 tio
302 1473 370 1532 casu
389 1481 508 1530 certum
524 1468 564 1528 eil
584 1471 710 1537 teneri,
735 1469 806 1542 quin
825 1481 887 1542 pam
905 1475 1056 1524 contraxit
1108 1471 1193 1527 inter
1206 1487 1334 1541 puerot,
1353 1486 1388 1530 ut
1406 1473 1438 1529 in
1455 1470 1524 1546 ipfit
1543 1475 1932 1551 probabiliteragnoscatur

241 1548 487 1618 obligationem,
504 1545 589 1604 Vide
606 1544 702 1603 Salart
718 1545 755 1598 dr
775 1542 869 1605 Matr,
890 1544 912 1599 l.
923 1558 950 1599 r.
968 1555 1057 1610 rats,
1108 1546 1236 1602 rationis
1253 1545 1342 1608 usus.
1359 1547 1430 1606 Hoc
1445 1550 1742 1621 putantprobabiliiia
1754 1571 1824 1612 cum
1842 1573 1927 1614 com·

241 1621 556 1692 &Vivan.5.tb*7.
578 1617 917 1683 ubibeneadveriunt,
958 1613 1058 1671 uodsi
1109 1617 1194 1674 muni
1225 1618 1541 1683 salmanticae.
1562 1641 1704 1696 i.n.7r.
1732 1620 1927 1694 cuer'rncb.

260 1695 308 1754 uis
325 1697 413 1754 sciret
443 1694 518 1751 oriri
536 1693 754 1766 obligationem
781 1707 818 1750 et
841 1691 936 1762 promi
959 1705 1058 1757 rone,
1108 1694 1182 1751 Con.
1200 1692 1270 1754 Dic.
1289 1697 1360 1758 Rara.
1379 1696 1514 1765 maliis,
1534 1709 1639 1758 contra
1656 1697 1843 1772 Pal.ilvers.
1864 1707 1921 1768 dac,

238 1713 293 1829 ded
309 1771 349 1829 ad
367 1785 434 1830 eam
452 1785 514 1826 non
533 1769 731 1834 adverteret,
759 1763 955 1849 nibilominus
974 1775 1057 1822 tene·
1110 1768 1164 1842 qui
1183 1767 1288 1828 dicuat
1305 1787 1413 1844 pueros
1431 1782 1503 1830 ante
1533 1771 1718 1843 septennium
1736 1792 1796 1834 non
1813 1780 1931 1852 obliga·

237 1856 323 1904 retur
339 1845 378 1903 ad
395 1841 593 1918 promiliiim,
610 1845 685 1919 quia
705 1840 764 1915 jam
775 1839 880 1898 babuit
893 1840 1058 1901 virtualem
1109 1845 1160 1901 ri.
1177 1841 1249 1902 Non
1268 1857 1395 1917 peccant
1414 1857 1516 1904 autem
1534 1845 1668 1918 praviter
1685 1850 1792 1922 pueri,
1809 1857 1860 1912 vel
1878 1873 1932 1928 pa·
2031 1858 2034 1877 '

235 1921 427 1980 voluntatem
447 1921 479 1978 se
493 1918 672 1991 obligandi,
1111 1930 1211 1975 tentet
1230 1918 1339 1990 procis
1358 1919 1506 1992 sponsalia
1519 1919 1749 1996 promittentes,
1768 1937 1802 1986 ut
1822 1929 1929 1989 dicunt

168 1991 226 2072 ⁸33
281 1993 410 2065 Qualiio
426 2006 545 2054 tantum
564 1991 604 2052 eit
624 1993 664 2052 de
681 1985 813 2049 secundo
829 1986 924 2075 casti,
940 1985 1062 2064 quando
1111 1989 1206 2050 Salm.
1223 2011 1250 2051 c,
1272 2011 1298 2052 i.
1320 2014 1350 2054 n.
1369 2013 1419 2067 77.
1436 2009 1506 2052 cum
1523 1996 1598 2056 Con,
1614 1995 1722 2060 Sancb.
1739 2001 1795 2062 llic.
1822 2018 1932 2064 contra

130 2065 142 2078 ¹
238 2069 265 2128 it
285 2069 383 2127 voluit
401 2071 598 2142 promittere,
619 2068 667 2129 seri
687 2065 788 2122 noluit
808 2061 1061 2138 seoblrpare,&
1112 2065 1339 2128 Bon.&Hrnr.

239 2143 457 2216 respondetur:
474 2141 497 2202 si
515 2143 579 2216 ipse
594 2141 745 2215 ignoravit
765 2153 803 2196 ert
822 2136 1009 2222 promilbone
1024 2138 1060 2194 il·
1150 2139 1201 2198 Aa
1217 2152 1292 2200 cero
1311 2141 1365 2200 fini
1376 2142 1463 2203 irrita
1481 2141 1625 2216 sponsaba
1637 2145 1791 2208 contrabit
1802 2167 1856 2222 per
1875 2152 1926 2211 do·
1946 2155 2003 2230 835

238 2219 270 2277 la
287 2216 362 2276 oriri
381 2217 600 2294 obligationem
619 2213 787 2290 exequendi
807 2213 1063 2281 Matrimonium,
1114 2216 1178 2273 lum
1195 2215 1318 2276 dantem
1336 2217 1457 2277 caulam
1481 2218 1666 2286 contribui,
1691 2222 1744 2279 etsi
1764 2227 1931 2283 versantem

241 2303 360 2351 certum
385 2292 427 2354 eil
451 2309 515 2350 noir
543 2295 664 2360 teneri,
687 2303 720 2349 ut
747 2289 852 2347 dicunt
870 2287 966 2371 Salar„
983 2305 1063 2346 num.
1114 2301 1231 2348 tantum
1262 2293 1344 2351 circa
1369 2293 1575 2416 pueritatem?
1600 2291 1743 2350 Affirmat
1767 2293 1874 2354 Sanc&
1893 2301 1933 2355 de

246 2367 297 2426 26.
315 2381 385 2424 cuin
405 2365 560 2426 communi
578 2367 593 2438 (
613 2362 761 2440 quidquid
779 2362 876 2437 aliqui
893 2364 981 2419 aliter
1001 2362 1064 2419 len·
1116 2365 1212 2420 Matr.
1231 2367 1294 2421 Li.
1311 2365 1351 2420 D.
1390 2383 1419 2434 4.
1439 2381 1468 2420 n.
1490 2379 1519 2435 ς.
1544 2375 1613 2418 cum
1633 2361 1711 2423 Mol.
1729 2364 1850 2427 covarr.
1870 2375 1931 2433 (rc.

241 2441 325 2500 aiant
343 2443 383 2516 );
432 2444 487 2499 uia
514 2441 567 2514 qui
588 2443 707 2510 ignorat
736 2450 876 2520 naturam
896 2431 1062 2506 promitto»
1113 2433 1141 2489 da
1160 2435 1239 2491 idem
1261 2434 1390 2491 sentiunt
1407 2433 1442 2492 P.
1460 2434 1546 2492 Cone.
1565 2433 1662 2492 &alii
1677 2453 1756 2570 ἕως
1768 2440 1932 2504 citavimus

245 2516 315 2582 nit,
334 2529 397 2570 non
411 2459 506 2572 babet
524 2525 627 2571 veram
646 2509 841 2582 promittendi
855 2509 1066 2565 voluntatem,
1115 2507 1235 2566 Tanai.
1254 2511 1278 2566 l.
1295 2525 1321 2582 3.
1340 2523 1449 2578 myas,
1468 2509 1658 2569 declinati.
1697 2513 1734 2570 ed
1746 2512 1790 2572 ibi
1798 2516 1932 2578 diximus

237 2585 370 2646 Dubium
381 2587 475 2659 igitur
485 2584 548 2653 ed,
560 2601 597 2643 an
610 2595 747 2642 teneatur
759 2584 796 2642 ad
808 2577 1065 2647 Matrimonium,
1114 2580 1300 2654 probabilius
1317 2581 1433 2640 cocasu
1452 2579 1634 2642 contrabium
1655 2599 1714 2644 non
1727 2581 1860 2661 irritari,
1879 2609 1933 2653 ne.

239 2663 295 2793 pul
316 2661 411 2719 scient
426 2673 568 2720 naturam
578 2655 795 2730 promissionis,
815 2651 882 2711 nate
892 2652 1065 2725 promiserit
1112 2670 1172 2730 que
1193 2656 1231 2712 de
1252 2655 1316 2729 jure
1336 2656 1487 2724 naturali,
1512 2669 1581 2714 oum
1601 2655 1661 2734 jam
1682 2658 1757 2720 adfit
1775 2665 1933 2727 consentbe

255 2733 416 2808 ponsalia,
441 2738 548 2794 nolent
578 2749 686 2791 revera
714 2732 752 2790 ad
772 2729 1006 2789 Matrimonium
1033 2726 1064 2784 se
1114 2730 1213 2806 quoad
1231 2726 1421 2789 substantiam
1435 2745 1562 2814 ,neque
1572 2730 1612 2790 de
1633 2731 1817 2806 iurecivili,
1836 2754 1932 2815 utpo-

241 2812 396 2882 oblipare?
417 2807 522 2870 Prima
538 2807 687 2865 sententia
706 2805 804 2873 dicit,
831 2799 982 2878 quoditie
1000 2817 1059 2858 non
1112 2816 1157 2862 tet
1177 2821 1215 2862 eit
1234 2803 1327 2876 instit.
1345 2807 1407 2877 ha„
1429 2819 1481 2863 rrr.
1496 2821 1542 2880 ¹3·
1563 2808 1600 2864 de
1615 2807 1737 2884 Except.
1758 2811 1845 2886 cuius
1863 2833 1931 2874 ver.

242 2885 337 2943 solum
365 2895 470 2958 peccat
491 2885 663 2942 mortaliter
688 2893 796 2940 contra
816 2877 984 2950 justitiam,
1010 2875 1061 2934 sed
1113 2882 1150 2938 ba
1167 2881 1323 2939 attulimus
1343 2880 1413 2939 riu.
1431 2899 1459 2938 rr.
1478 2891 1544 2952 7²5·
1561 2879 1664 2940 Habet
1695 2902 1767 2943 vero
1787 2899 1858 2948 tunc
1876 2891 1932 2950 de.

243 2961 334 3018 etiam
356 2975 394 3018 etr
413 2958 524 3034 justitia
542 2968 664 3016 tenetur
681 2957 720 3014 ad
739 2952 977 3014 contrabendum
991 2951 1059 3010 Ma·
1112 2968 1215 3028 ceptus
1233 2953 1379 3012 abionem
1388 2953 1527 3012 irritandi
1542 2954 1729 3017 contrabium
1748 2976 1873 3034 propter
1887 2967 1935 3024 lo·

239 3035 416 3094 trimonium
426 3051 442 3103 ;
458 3047 514 3092 neo
532 3031 710 3099 excusatur,
730 3027 750 3087 fi
767 3029 907 3088 damnum
928 3029 989 3085 alio
999 3041 1062 3084 ino·
1114 3030 1225 3106 juriani
1241 3027 1269 3086 te
1287 3026 1438 3086 refertum
1450 3029 1626 3100 consensus,
1644 3031 1736 3110 idque
1752 3038 1866 3108 currit,
1886 3053 1933 3101 et.

241 3109 284 3167 do
298 3109 376 3168 velit
393 3107 554 3169 resarcire,
581 3105 696 3173 Ratio,
716 3105 785 3180 quia
803 3106 835 3162 in
854 3103 916 3174 ipsa
929 3100 1064 3187 promis·
1112 3103 1197 3164 iamsi
1213 3103 1355 3175 deceptio
1372 3105 1546 3176 provenerit
1565 3105 1603 3162 ab
1618 3106 1682 3164 alio
1701 3109 1819 3181 tertio,
1844 3129 1931 3187 parte

241 3181 342 3252 fiune,
368 3183 489 3258 quando
504 3181 545 3244 ed
563 3195 658 3250 vora,
685 3175 849 3238 neoetl'ario
870 3177 909 3235 eil
926 3175 1012 3254 indta
1029 3191 1064 3232 o·
1112 3181 1299 3264 ignorante,
1327 3189 1361 3235 itt
1381 3178 1470 3236 docet
1490 3178 1594 3238 Sancb.
1614 3197 1685 3238 curo
1703 3183 1827 3246 Coum.
1846 3193 1880 3248 o·
1896 3212 1934 3249 ι.

243 3256 372 3330 bligatio
392 3253 444 3329 ipsi
463 3267 660 3339 competensp
680 3269 749 3314 cum
767 3261 868 3312 autem
887 3249 955 3337 quiq
969 3250 1063 3308 mini·
1113 3254 1171 3313 lrir
1187 3254 1240 3312 cir.
1261 3251 1363 3324 aba.
1380 3272 1409 3311 n.
1428 3271 1459 3323 4.
1477 3255 1511 3312 d·
1528 3267 1556 3324 ς,
1573 3253 1717 3316 Ceterum
1736 3259 1810 3318 satis
1828 3265 1935 3336 1,th

245 3349 293 3390 me
314 3332 380 3388 vult
400 3331 594 3404 promittere,
615 3331 741 3386 minime
758 3327 880 3403 quidem
893 3326 1065 3410 obligatur,
1114 3328 1177 3389 bile
1193 3325 1236 3386 est
1253 3332 1322 3384 cum
1338 3324 1440 3397 Leffio,
1458 3324 1558 3402 Laym.
1578 3331 1611 3386 o*
1628 3329 1733 3403 Sporer
1741 3335 1846 3393 relatis
1865 3341 1931 3399 eod.

243 3407 294 3466 sed
312 3405 432 3480 quando
449 3417 521 3464 rere
532 3405 702 3480 promittit,
722 3397 1062 3474 nonpotellnolleobli-
1115 3419 1223 3476 rapit.
1240 3399 1269 3458 dt
1285 3415 1355 3458 cum
1375 3399 1674 3476 materculam.
1696 3423 1723 3464 2.
1742 3421 1798 3466 art.
1813 3425 1839 3468 t.
1858 3432 1889 3470 ir.
1904 3429 1935 3473 t.

244 3483 310 3554 pari
331 3478 416 3551 jutta
434 3481 638 3540 conditionem
659 3475 845 3545 contradus,
864 3475 969 3550 nequit
982 3473 1062 3533 enim
1115 3477 1197 3554 quod
1214 3476 1355 3548 deceptus
1374 3491 1436 3533 non
1463 3477 1633 3534 terreturio
1658 3479 1841 3543 conscientia
1860 3483 1936 3544 itare

241 3571 264 3616 a
283 3553 471 3630 promiffione
486 3555 700 3628 obligationem
720 3549 768 3610 illi
822 3548 937 3622 optiam
950 3545 1063 3622 separa·
1115 3545 1303 3617 contradui,
1322 3549 1341 3607 fi
1361 3551 1429 3608 suut
1438 3567 1524 3608 error
1538 3565 1609 3608 rere
1625 3551 1716 3611 buerit
1727 3556 1935 3621 invincibilia.

246 3645 298 3706 re3
321 3627 363 3688 ita
385 3627 586 3701 probabiliter
601 3621 687 3686 Parit.
709 3627 746 3684 dr
802 3639 859 3683 atr.
876 3624 903 3683 l,
925 3641 971 3683 ii.
989 3641 1016 3683 c.
1035 3639 1064 3682 z.
1155 3627 1206 3686 An
1224 3636 1325 3683 autem
1356 3623 1460 3684 stando
1485 3626 1589 3698 prime
1615 3626 1793 3700 sententio,
1826 3649 1936 3709 nempe

246 3699 486 3852 liltfmbi'ff
501 3700 610 3845 ‘lu‘
627 3695 969 3847 'iugulantur
986 3699 1065 3844 {tu
1116 3703 1196 3835 ilfi?
1211 3696 1932 3840 {mititlitturt‘bta‘tztt‘tl‘t

246 3812 357 3912 Sanrbf
373 3849 509 3908 Secrrrrda
526 3861 598 3907 nero
618 3847 765 3906 sententia
786 3847 986 3916 probabilior,
1014 3845 1066 3906 cui
1116 3848 1241 3911 Pontias
1258 3852 1281 3910 s.
1293 3865 1323 3920 4.
1343 3866 1425 3910 nai.
1444 3869 1473 3910 n.
1481 3867 1509 3922 7.
1529 3865 1595 3908 cum
1615 3853 1688 3913 Con.
1707 3854 1775 3915 Vas.
1794 3856 1934 3919 λάθε.

248 3925 479 3994 siibfciibtmus,
509 3921 535 3981 ἃ
556 3929 645 3996 quam
665 3929 768 3978 tenent
788 3915 895 3978 sarab,
914 3921 950 3976 de
968 3917 1067 3983 Matr.
1116 3927 1173 3987 Sed
1192 3923 1356 3995 oppositum
1377 3921 1416 3980 eil
1435 3925 1637 3994 probabilius,
1664 3942 1698 3985 ut
1717 3931 1780 3987 fuse
1797 3931 1939 4002 probavi.

254 4001 277 4058 l.
294 4014 318 4058 i.
338 3997 428 4072 Disp.
436 4015 466 4068 9.
476 3999 576 4067 nm&
593 3993 680 4067 Diffi.
694 4009 740 4052 ro.
759 4013 787 4052 n.
799 4005 844 4063 ις.
857 3987 994 4066 Ρα1.ρ.ι.
1005 4013 1065 4057 raa.
1115 3997 1232 4063 muaT.
1243 3999 1433 4071 l.1.3.n.715.
1444 4013 1512 4054 eum
1523 3996 1567 4052 ta
1587 3995 1674 4067 ΛΑΓ.
1687 3999 1935 4075 Imitatum.

250 4069 447 4149 [aymoni.
462 4083 507 4131 io.
526 4065 595 4140 Μ·
615 4089 638 4128 c.
651 4065 696 4128 18,
714 4062 889 4129 normata.
902 4081 1065 4143 r.r.n.117.
1155 4111 1178 4145 ‚,
1197 4072 1319 4131 Dicitur
1339 4086 1365 4143 3.
1385 4070 1520 4128 Mutua.
1572 4070 1629 4127 nde
1649 4072 1787 4134 si‘rltiur
1807 4078 1932 4147 promit·
1950 4081 2014 4158 836

254 4147 365 4222 spone.
388 4160 414 4207 r.
431 4159 511 4219 rasa.
532 4139 630 4212 Ef'cob.
650 4146 807 4226 tzanni.
819 4139 917 4204 Rmar'
928 4142 1068 4204 drMarr.
1120 4185 1143 4221 „
1161 4161 1208 4210 tar
1227 4145 1345 4217 nuptias
1361 4141 1465 4216 Caio,
1483 4143 1511 4200 ἃ
1530 4143 1592 4204 bec
1611 4149 1819 4218 acceptetline
1837 4165 1934 4224 repro·
1976 4168 1980 4183 ·

252 4241 278 4283 e.
295 4235 320 4281 i.
335 4223 441 4289 sesti.
460 4233 526 4294 mi.
547 4215 653 4280 Tama.
675 4221 735 4276 rod.
756 4229 805 4277 rit.
827 4220 849 4275 l.
861 4217 889 4276 8.
910 4235 934 4276 c.
946 4231 972 4278 a.
991 4217 1018 4292 9.
1036 4235 1068 4292 4.
1121 4260 1146 4296 ,‚
1164 4218 1295 4282 millione
1308 4253 1320 4286 ‚
1333 4229 1440 4274 neuter
1457 4218 1628 4292 obligatur,
1658 4221 1751 4296 quia,
1776 4239 1845 4282 euin
1865 4241 1938 4286 con·

196 4397 202 4403 -
250 4306 322 4430 il:
342 4291 813 4444 ittart,:·,²urtrru
830 4292 1070 4453 ii‘ilzllz‘il'ss

252 4451 307 4519 gat
327 4436 384 4502 elle
405 4443 621 4516 obligationem
643 4440 859 4500 contrahendi.
887 4439 982 4500 Ratio
1002 4455 1072 4516 pro·

253 4521 344 4592 eipua
361 4513 422 4588 esi,
444 4519 514 4594 quia
533 4518 629 4575 omnia
649 4517 801 4588 obligatio
820 4528 959 4590 quianon
983 4513 1072 4575 liobe·

250 4603 302 4654 tur
314 4606 356 4651 ‘ex
378 4591 467 4666 lege,
486 4594 583 4651 oritur
599 4605 637 4651 et
656 4593 774 4666 privata
794 4589 923 4648 hominia
937 4591 1073 4650 volunta·

252 4661 1073 4814 bitti”bittiuiturstabilitabit}

254 4757 360 4876 mendo
377 4776 516 4884 firmata,
545 4825 577 4874 ut
607 4815 717 4874 docent
736 4813 866 4898 Sauciet
885 4815 914 4894 ¹¹:
936 4811 1024 4886 Disp.
1042 4829 1073 4885 9.

254 4885 462 5039 utrius:
480 4883 1074 5039 lutififfttl'ilbiu’alt:

259 5051 295 5097 te
314 5035 408 5097 Salar.
428 5049 495 5098 cum
516 5039 586 5098 Bon.
607 5039 637 5096 d*
661 5039 789 5106 Aversa,
807 5048 842 5092 ert
862 5033 901 5093 1).
922 5036 1002 5104 Tin,
1022 5037 1074 5111 qui

261 5111 319 5184 (r'n
334 5129 359 5187 3.
372 5113 523 5189 dili.39.q,
534 5126 560 5198 t.
580 5127 625 5171 ar.
636 5113 748 5242 με)
766 5110 855 5167 docet
877 5119 1075 5196 ,uramentum

257 5199 317 5245 non
336 5187 489 5260 obligare,
506 5187 559 5243 ubi
580 5187 634 5243 dee
674 5183 1011 5254 animaseobligandi,
1033 5199 1076 5256 ru·

260 5271 426 5320 ramentum
448 5261 527 5317 enim
549 5259 678 5332 sequitur
696 5271 831 5318 naturam
852 5255 1077 5328 promiffionir.

260 5330 330 5401 Nee
349 5327 444 5406 obdab
462 5335 542 5400 tatio
560 5333 715 5404 merrith
734 5333 818 5410 super
832 5331 929 5398 allate
939 5367 949 5403 ,
964 5347 1046 5410 ,φιτ
1066 5368 1078 5404 ,

1122 4333 1145 4370 ,,
1166 4291 1273 4357 tradat
1286 4291 1462 4364 sponsalium
1483 4291 1518 4352 sit
1530 4295 1689 4362 onerosus,
1708 4296 1940 4377 &reciprocus,

1122 4406 1145 4444 ,‚
1164 4385 1222 4426 non
1241 4364 1335 4440 potest
1352 4367 1546 4441 claudicare3
1576 4371 1707 4430 involvit
1734 4374 1815 4430 enirn
1835 4375 1940 4434 condi·

1123 4483 1147 4519 2,
1166 4445 1302 4512 tionem,
1331 4442 1351 4500 st
1371 4453 1405 4500 tu
1426 4441 1649 4517 repromiserit.
1685 4445 1776 4518 Quod
1795 4446 1815 4504 si
1833 4461 1939 4508 tamen

1123 4517 1250 4591 „Titii
1270 4513 1419 4590 promiffio
1437 4517 1537 4576 suillet
1555 4517 1707 4590 absoluta,
1733 4539 1769 4580 iic
1787 4527 1941 4598 gratuita,

1125 4629 1149 4666 „
1166 4591 1193 4650 dt
1213 4604 1372 4666 acceptata
1400 4589 1538 4665 reita,
1566 4595 1643 4650 solur
1662 4593 1767 4654 Titius
1793 4596 1941 4668 obligare·

1126 4704 1148 4741 ‚,
1168 4680 1237 4736 tur,
1254 4681 1315 4727 non
1332 4668 1363 4724 vi
1376 4665 1576 4736 sponsalium,
1596 4667 1646 4725 sed
1665 4667 1804 4742 simplicit
1815 4669 1940 4740 promis·

1129 4778 1152 4813 „
1172 4737 1284 4802 sionit.
1304 4738 1353 4825 lta
1369 4739 1475 4799 scarb.
1495 4743 1518 4797 s.
1542 4757 1566 4800 i.
1586 4746 1617 4800 d.
1631 4758 1657 4812 ς.
1677 4755 1781 4802 contra
1801 4741 1941 4829 Pontiam

1128 4817 1804 4975 '⁹&iiiiii‘iidif‘li'iti'itbff'mi
1830 4892 1944 4968 aliquit

1126 4975 1264 5038 acceptet
1282 4961 1448 5037 sponsalia,
1476 4959 1561 5022 timul
1595 4966 1804 5037 repromittere
1827 4968 1941 5024 intelli·

1128 5051 1238 5113 potura
1268 5035 1370 5097 Prima
1397 5033 1546 5097 sententia
1575 5037 1726 5108 affirmat,
1752 5039 1875 5099 &banc
1896 5052 1942 5098 te·

1127 5125 1200 5172 nent
1218 5107 1304 5173 Parit.
1321 5111 1400 5170 lta.
1418 5127 1484 5184 aa.
1501 5126 1530 5170 n.
1545 5129 1589 5173 io.
1611 5131 1679 5173 cure
1700 5115 1731 5174 5.
1751 5115 1858 5172 Aaron.
1879 5111 1939 5172 Pa·

1132 5191 1197 5248 tud.
1216 5185 1299 5265 Splai.
1317 5186 1376 5245 oc.
1392 5201 1429 5244 ec
1448 5188 1630 5258 probabilem
1651 5201 1759 5263 putant
1779 5187 1871 5246 Salar.
1884 5207 1941 5250 ω.

1128 5281 1158 5322 n.
1171 5277 1218 5322 to.
1236 5273 1305 5318 cum
1324 5260 1411 5335 Vaesq.
1431 5259 1519 5321 Henr.
1541 5261 1685 5332 Dandae,
1708 5265 1740 5320 o
1757 5261 1847 5322 Gaia.
1870 5281 1888 5318 o
1907 5261 1941 5326 δ’.

1128 5333 1299 5398 Vincentio.
1319 5331 1436 5408 Ratio,
1456 5336 1526 5422 quia
1546 5339 1619 5412 sieut
1637 5333 1945 5472 receptorium?-

1375 5463 1389 5494 Ι
