4317 5784
294 347 359 421 13³.
489 316 571 394 tib.
601 313 689 392 Vll.
719 313 773 392 De
800 315 967 394 Ceiisutis
993 294 1336 415 Ecclesiastico&
1365 324 1717 424 irregularitatibus.

239 449 262 506 l.
281 469 304 504 c.
326 461 353 505 n.
380 460 424 515 17.
447 443 544 522 tien.
566 447 623 502 tr.
644 461 682 504 ts.
701 462 726 515 ς.
741 459 812 520 p.2.
832 465 857 505 e.
873 463 898 517 ς.
918 463 945 505 n.
960 463 986 503 2.
1006 459 1042 504 ee
1093 445 1315 515 consueverant,
1342 461 1440 522 utpote
1453 455 1577 521 sublata
1593 469 1646 530 per
1666 433 1793 516 nanneni
1807 459 1900 543 ¹ipssrrr

235 523 325 581 croix
344 525 366 578 l.
387 537 413 578 i.
433 540 461 579 n.
483 535 546 592 1⁵3·
573 518 662 576 docet
690 521 763 578 bene
783 521 860 592 posse
881 521 1041 592 Episcopus
1092 516 1187 574 Bullae
1202 517 1452 602 publicationem,
1469 525 1550 585 vires
1570 549 1605 588 nc
1623 533 1707 589 rossi
1725 535 1902 604 arquifioiffe

221 595 417 670 ¹[generaliter
444 592 633 651 committere
667 593 746 650 banc
773 595 946 652 facultatem
978 605 1040 651 tani
1093 593 1329 663 exsequentibus
1354 595 1581 672 privilegiorum
1613 605 1901 676 confirmationibus.

235 669 445 744 dispensandi,
465 683 550 738 quam
567 666 756 735 absolvendi,
775 668 862 726 alteri
875 665 1042 738 specialiter
1094 663 1139 720 esc
1154 665 1275 737 proinde
1287 667 1450 740 Regulam
1459 673 1591 748 cujusvis
1609 679 1750 744 Ordinis,
1771 681 1825 738 isc.
1843 680 1901 738 Ibi-

236 747 275 807 ad
293 749 354 802 ltaec
375 742 537 812 deputato.
559 737 652 812 quue
671 739 793 798 tellatur
812 740 922 801 suarez
941 737 978 794 fic
1000 741 1041 797 es-
1095 753 1152 812 que
1174 737 1309 796 additum
1333 741 1407 798 sulti
1436 749 1482 802 eli
1502 748 1576 805 aliis
1595 753 1703 822 cnfibns
1724 759 1753 809 ts
1773 755 1899 820 censuris

237 823 266 879 se
286 830 457 889 receptum,
476 813 501 869 lli
520 813 747 884 interpretatum
772 832 788 870 a
807 813 1039 882 consuetudine,
1094 813 1108 884 (
1128 822 1236 894 prater·
1250 814 1361 872 casibus
1382 817 1474 876 llullae
1493 819 1591 879 Coena
1610 829 1624 900 )
1646 825 1714 893 sedi
1733 826 1898 899 Aprilolire

234 892 355 970 quaeeli
373 887 603 963 optimaleguni
624 887 787 958 interpres.
819 885 886 943 Imo
906 888 1039 955 probabi·
1094 887 1251 967 reservatis
1279 889 1447 957 absolvendi
1462 893 1639 960 facultatem
1673 916 1758 956 exera
1779 901 1901 956 Italiam

249 973 306 1029 lter
334 967 437 1024 dicunt
455 959 559 1018 sancii.
579 960 654 1017 isid.
673 980 700 1016 n.
723 975 767 1029 ις.
796 961 881 1017 Bari.
900 959 931 1015 in
952 962 1040 1020 Tris.
1094 962 1374 1026 minimesublnram
1402 964 1489 1034 fnisse
1507 969 1633 1043 ejusdem
1652 973 1680 1030 5.
1702 975 1737 1032 C.
1768 975 1901 1032 Decretis

192 1071 208 1111 4
236 1048 266 1103 d,
289 1062 313 1101 c,
332 1044 360 1099 ό,
376 1038 439 1107 seff.
461 1053 506 1105 24.
536 1052 611 1089 num.
631 1048 678 1102 45.
703 1053 735 1089 v.
755 1033 815 1104 Ego
835 1049 954 1102 ramen;
981 1035 1041 1106 (dr
1094 1031 1148 1088 rac
1169 1035 1201 1087 de
1220 1052 1248 1090 re
1270 1035 1360 1091 editis
1377 1037 1453 1110 jnffn
1473 1042 1633 1100 Clementis
1653 1045 1729 1104 Vm,

219 1119 313 1176 'idem
345 1116 424 1184 clare
453 1107 541 1165 sentit
569 1105 655 1162 Suet.
674 1109 696 1162 l.
717 1123 743 1162 c.
763 1107 801 1163 D.
821 1124 869 1174 41.
884 1108 947 1174 ses.
968 1127 994 1166 a.
1013 1128 1042 1167 n.
1131 1103 1186 1161 Sed
1206 1106 1357 1166 dubitatur
1380 1127 1405 1171 1.
1426 1130 1464 1170 an
1485 1115 1650 1183 Renutases
1680 1119 1782 1189 possint
1806 1123 1898 1180 absol·
1915 1123 1955 1190 96

234 1192 298 1264 ε.)
328 1183 407 1263 quod
426 1199 484 1239 non
513 1181 604 1236 l'oluin
626 1179 701 1235 alius
728 1179 900 1252 specialiter
919 1182 1042 1252 deputa·
1094 1193 1169 1260 vete¹
1184 1178 1327 1238 seculares
1349 1201 1366 1242 a
1386 1185 1497 1246 casibus
1518 1189 1698 1260 Papalibus?
1720 1193 1819 1250 Prima
1841 1199 1901 1250 sen·

231 1277 301 1332 tiis,
321 1263 369 1320 sed
389 1258 479 1318 etiam
502 1255 692 1328 quicunque,
712 1254 759 1309 cui
772 1253 933 1326 Episcopus
954 1271 1042 1325 nene·
1094 1262 1192 1308 tentia
1210 1267 1297 1324 negat
1328 1271 1395 1314 cum
1417 1261 1495 1318 Viva
1514 1263 1544 1319 in
1562 1277 1641 1338 prop.
1665 1281 1709 1326 it.
1729 1269 1817 1326 Alex.
1839 1267 1900 1328 Vll.

231 1339 338 1398 taliter
365 1337 444 1392 suam
467 1330 643 1387 facultatem
672 1325 858 1393 committit,
887 1327 978 1398 potest
998 1327 1041 1385 di·
1095 1341 1180 1408 n.i4.
1200 1326 1463 1412 Bordrerloron.
1484 1354 1519 1392 ex
1541 1336 1672 1396 Decreta
1686 1341 1770 1400 Pauli
1783 1343 1821 1400 V.
1843 1359 1901 1418 quo

233 1412 365 1485 spensaie
386 1409 415 1464 in
436 1401 733 1473 irregularitatum,
754 1400 940 1458 &absolvere
962 1419 978 1458 a
998 1402 1042 1459 su·
1095 1403 1237 1480 sancitum
1258 1401 1334 1482 susti
1355 1405 1401 1462 Ac
1420 1407 1555 1482 insuper,
1578 1427 1610 1467 nr
1628 1413 1708 1470 nulli
1728 1434 1760 1470 eir
1769 1416 1902 1482 secerdo-

234 1483 426 1560 spenfionibus
457 1475 614 1533 reservatis
642 1473 796 1531 occultis.
827 1473 940 1541 Ratio,
969 1477 1041 1549 quia
1094 1473 1351 1554 erinspredillis(
1368 1477 1899 1564 scil.Secularlbus&Regularibus)

233 1560 404 1622 Concilium
432 1553 608 1608 facultatem
630 1548 709 1605 circa
738 1549 799 1603 litte
818 1560 877 1605 non
898 1549 1041 1614 limitat,
1094 1549 1315 1628 quibuscumque
1339 1552 1536 1632 privilegiis,
1569 1559 1718 1627 indultis,
1747 1565 1777 1618 il·
1801 1563 1903 1629 facus.

233 1637 307 1695 sicut
329 1629 439 1688 limitat
459 1623 489 1680 in
508 1622 632 1679 secunda
651 1633 734 1694 parte
753 1621 927 1678 sacultatem
948 1622 1212 1702 absol-*ratibus
1224 1621 1342 1692 suffulti
1365 1627 1399 1680 nb
1414 1633 1768 1700 excommunicationem,
1789 1639 1838 1692 vel
1851 1651 1900 1694 ea·

233 1707 324 1767 vendi
345 1722 361 1762 a
380 1700 507 1759 casibus:
529 1696 636 1764 Unde,
657 1711 723 1752 cuin
747 1712 811 1752 eam
833 1695 1040 1766 habeantEpi·
1088 1692 1165 1762 fiber
1185 1696 1292 1776 eisdem
1311 1695 1500 1771 Ordinariis,
1519 1710 1568 1760 oel
1581 1705 1650 1772 sedi
1669 1707 1834 1778 Apostolicae
1854 1727 1896 1766 re·

230 1781 311 1854 scopi
331 1781 367 1836 de
388 1775 451 1850 jure
462 1771 632 1838 ordinario,
654 1767 956 1841 generaliterpossunt
972 1784 1038 1826 eam
1087 1768 1242 1834 servaris,
1260 1781 1451 1842 preterquam
1471 1775 1502 1832 in
1522 1777 1647 1834 ossiculo
1665 1779 1783 1849 morsis,
1805 1783 1897 1850 assor.

185 1895 200 1908 -
230 1859 389 1928 delegate,
418 1851 500 1904 nulla
529 1841 605 1901 sassa
634 1843 752 1913 speciali
780 1842 974 1912 deputatione
1003 1841 1040 1899 ad
1092 1857 1158 1896 uere
1179 1843 1326 1926 assideant,
1355 1850 1404 1901 vel
1421 1852 1616 1919 presumant.
1645 1849 1777 1909 Secirnda
1797 1868 1899 1914 tamen

231 1933 309 2004 lpsa.
337 1927 418 1986 Bene
437 1917 696 1979 autent-advertit
724 1915 838 1973 Paleas
858 1917 893 1970 de
913 1915 980 1990 Leg.
1000 1915 1040 1976 D.
1094 1914 1275 1984 probabilior
1294 1917 1460 1986 sententia,
1523 1940 1568 1980 am
1582 1934 1686 1983 tenent
1700 1927 1803 1987 Bonae.
1821 1943 1853 2002 p.
1871 1949 1898 1990 2.

231 2009 259 2064 ⁶,
276 2019 306 2079 ρ,
319 2005 345 2059 8,
365 2002 390 2071 §-
413 2015 440 2054 2.
459 2016 487 2051 n.
510 2012 538 2064 7.
559 1991 734 2062 Episcopum
754 2005 811 2044 non
832 1984 908 2060 posse
929 1990 1042 2059 dispen-
1095 1988 1181 2044 n.18.
1204 1987 1296 2048 satin.
1319 2007 1356 2049 is.
1370 1995 1412 2077 ill.
1435 1939 1600 2057 se‘i’lriois.
1620 2019 1643 2059 c.
1656 2021 1682 2072 4.
1704 2017 1787 2074 n.53.
1809 2013 1899 2078 atque

230 2083 293 2140 saie
314 2079 343 2133 in
363 2067 630 2140 irregularitatibus
649 2063 724 2136 (vel
738 2061 887 2130 absolvere
899 2081 916 2120 a
929 2064 1042 2135 suspen·
1094 2062 1229 2126 Aversa,
1251 2067 1281 2119 d*
1301 2061 1411 2128 Pellsz.
1432 2069 1508 2140 apud
1529 2070 1607 2129 Viuo
1626 2077 1648 2130 l.
1662 2094 1686 2131 c.
1708 2093 1735 2132 n.
1753 2091 1796 2147 13.
1811 2080 1840 2132 er
1856 2095 1899 2148 14·

187 2137 192 2144 ¹
234 2155 360 2214 sionibus
390 2141 578 2213 reservatis)
606 2155 672 2194 cum
694 2137 893 2207 alienigenis,
925 2137 1040 2194 etiamsi
1094 2135 1270 2208 &sequitur
1291 2135 1389 2208 Potest.
1411 2157 1476 2202 rom.
1500 2159 1525 2202 t.
1546 2143 1590 2202 De
1611 2145 1690 2203 Min.
1711 2146 1816 2207 Poenis.
1837 2166 1900 2224 cap.

224 2228 283 2303 ¹ipsi
310 2223 437 2282 bitbeant
465 2213 543 2290 quasi
564 2213 749 2269 domicilium
770 2214 800 2268 in
819 2212 869 2268 sua
887 2211 1039 2278 Dioeccsr,
1094 2225 1120 2278 ς.
1141 2227 1169 2266 n.
1193 2211 1275 2282 3458.
1294 2225 1361 2268 cum
1384 2211 1466 2290 Peyr.
1486 2216 1595 2276 Donet.
1625 2221 1713 2280 Rode.
1733 2219 1834 2280 Vides.
1849 2225 1899 2299 Jr.

231 2323 270 2361 eir
292 2292 504 2358 Declaratione
530 2285 671 2360 Gregorii
690 2284 779 2347 XIII.
808 2288 905 2344 relata
935 2284 987 2345 lib.
1010 2287 1039 2345 ό.
1092 2283 1126 2336 de
1147 2285 1421 2358 sacrus,&ipse
1434 2289 1512 2348 Vivo
1527 2292 1752 2352 serevocansid
1765 2295 1900 2356 admittit
1970 2315 1974 2324 ·

236 2395 312 2436 num,
333 2387 397 2446 393,
1093 2357 1125 2414 iti
1147 2356 1244 2416 Teati.
1266 2359 1300 2414 de
1319 2365 1391 2428 cens.
1413 2365 1455 2448 ρ
1472 2383 1496 2423 2.
1518 2367 1571 2424 Ar.
1587 2385 1612 2425 2.
1633 2371 1699 2427 n.6.
1720 2373 1749 2426 sa*
1761 2387 1789 2440 7.
1812 2371 1899 2428 docet

179 2458 219 2523 94
275 2488 296 2520 ‚‚
317 2449 405 2516 Retp.
428 2460 452 2518 3.
474 2436 567 2500 Multi
587 2431 750 2510 Religion,
774 2435 930 2510 presertim
953 2427 1040 2494 Mett-
1092 2429 1261 2516 Regulares
1290 2432 1375 2518 posse·
1395 2437 1544 2496 absolvere
1575 2440 1719 2500 seculares
1748 2445 1898 2504 acasibut

283 2526 438 2587 dicentes,
456 2515 568 2588 possunt
588 2530 624 2570 eit
639 2511 832 2584 privilegiis,
862 2511 893 2566 in
912 2511 978 2566 soro
997 2522 1041 2567 ta·
1085 2505 1414 2578 .Papalibusoccultts,
1434 2510 1460 2566 ἃ
1481 2514 1604 2582 probant
1614 2529 1648 2568 eir
1662 2515 1821 2586 privilegio
1832 2515 1898 2578 Soc.

236 2565 263 2656 .”
278 2606 345 2658 nien
365 2596 483 2651 interno
501 2595 638 2653 tantum,
658 2605 675 2644 a
695 2585 788 2642 variis
808 2579 1041 2640 censurisabsol·
1085 2575 1160 2655 -Jeiu
1178 2581 1193 2654 (
1214 2580 1243 2638 in
1265 2597 1325 2658 quo
1345 2586 1567 2646 communicant
1587 2602 1689 2644 omnes
1710 2585 1895 2659 Regulares,

235 2641 257 2714 .‘’
277 2687 364 2728 vere.
386 2668 425 2725 V.
448 2664 550 2722 Diana
567 2675 598 2732 p.
617 2681 646 2732 9.
665 2677 687 2717 r.
708 2679 736 2729 4.
759 2659 845 2730 Resp.
864 2660 911 2732 63.
941 2659 1040 2727 Quare
1093 2667 1126 2713 ut
1145 2668 1231 2713 notat
1250 2657 1360 2728 Perelld
1379 2681 1406 2718 n.
1417 2679 1498 2734 3459.
1516 2664 1531 2734 )
1551 2660 1684 2719 concesso
1705 2662 1897 2724 aPauloIll.

208 2713 290 2816 ·‚”a
319 2740 515 2813 superioribus
548 2731 606 2790 suis
635 2734 688 2789 illa
716 2732 877 2804 privilegia
908 2741 1038 2803 petant,
1093 2745 1170 2788 anno
1194 2747 1274 2802 1545.
1296 2732 1428 2814 Inldislo
1449 2735 1628 2806 privilegio,
1648 2734 1732 2807 cujus
1744 2737 1834 2796 verba
1854 2755 1900 2795 se-

235 2787 255 2890 ,’
276 2829 341 2878 cum
364 2815 401 2871 ad
422 2807 609 2867 consessiones
621 2805 780 2863 audiendas
792 2817 995 2877 exponentur,
1014 2805 1040 2864 tr
1093 2805 1151 2862 sert
1172 2802 1282 2874 rosera
1301 2805 1427 2876 ibidem,
1448 2809 1623 2866 conceditur
1643 2811 1794 2868 absolvere
1814 2809 1901 2870 Fide·

236 2860 257 2963 ,ζ
276 2894 358 2948 ciica
379 2905 413 2942 ea
434 2885 588 2957 sequentes
607 2884 722 2952 regulas
742 2880 917 2954 sequantur.
1093 2880 1136 2935 les
1156 2879 1191 2934 ab
1220 2877 1347 2936 omnibus
1373 2881 1505 2953 peccaris
1533 2883 1621 2940 eriam
1647 2883 1715 2951 sedi
1734 2885 1899 2960 Apostolicae

177 2989 213 3044 95
274 2961 379 3035 Quoad
401 2956 593 3030 Regulerium
624 2964 722 3012 autem
751 2954 924 3011 facultatem
946 2954 976 3008 in
996 2970 1041 3011 re·
1092 2951 1270 3020 reservatis,
1303 2955 1430 3028 exceptis
1458 2956 1599 3014 contentis
1629 2955 1660 3014 i'ri
1689 2959 1780 3018 Bulla
1810 2961 1901 3018 Conse

235 3043 371 3102 servata,
391 3027 643 3103 distinguendaell
663 3029 812 3095 facultas,
831 3043 920 3101 quam
932 3027 1042 3088 liabent
1094 3029 1151 3086 De.
1170 3025 1284 3084 Necnon
1303 3044 1373 3084 vota
1393 3047 1587 3103 quecunque,
1607 3030 1737 3104 estrepris
1756 3031 1834 3090 voris
1853 3053 1900 3092 ra·

198 3097 201 3105 ¹
235 3125 304 3185 erga
325 3110 493 3172 seculares,
516 3104 551 3162 ab
571 3103 626 3159 illa
646 3118 716 3174 erga
736 3101 884 3159 subditos.
1088 3098 1228 3170 stiterit,
1258 3100 1446 3172 Religionis,
1478 3107 1534 3164 (rc.
1564 3103 1630 3162 Nec
1659 3101 1772 3162 obstare
1801 3107 1901 3167 dicunt

210 3179 217 3190 '
275 3189 315 3243 Et
334 3184 360 3242 1.
383 3179 488 3250 Quoad
508 3178 677 3244 steriliter,
704 3177 777 3232 olim
808 3174 972 3247 Regulases
992 3177 1040 3234 ab·

235 3266 351 3323 solvere
371 3264 507 3328 poterant
526 3266 576 3308 eos
602 3249 766 3336 aucensnrls
795 3260 856 3305 tam
874 3266 895 3336 'a
916 3249 1042 3336 Pontii-

235 3322 1043 3482 sennaste*sianiensisaar

239 3481 346 3542 Ponit.
366 3499 390 3537 c.
412 3493 455 3550 13.
475 3490 559 3542 n.5t.
580 3486 685 3542 nempe
705 3473 833 3542 Eugenti
847 3471 904 3530 tv.
925 3470 1039 3529 Urbani

234 3559 294 3618 IV.
314 3553 400 3614 Pauli
421 3548 479 3607 tlt.
506 3547 579 3624 Julii
603 3545 645 3603 11.
665 3545 693 3604 S.
713 3547 762 3604 Pil
780 3545 820 3604 V.
836 3543 1039 3627 ¹liicherum

236 3634 304 3703 (tit
334 3626 473 3684 testantur
501 3619 723 3692 ipsissimis.
754 3623 784 3676 (θ’
803 3619 931 3674 Vivam
952 3621 1041 3702 Tiar.

235 3707 321 3778 Prop.
342 3720 385 3758 12.
405 3701 492 3757 Aleis.
511 3692 574 3754 Vll.
595 3715 623 3753 n.
644 3713 670 3752 t.
691 3693 862 3768 >Clemens
881 3692 972 3751 VllI.
992 3695 1041 3748 dre

238 3781 285 3838 26.
305 3776 387 3835 Noe.
406 3774 474 3831 anni
492 3773 573 3828 t602.
594 3769 620 3824 ds
641 3770 750 3826 Paulus
765 3767 804 3825 V.
824 3785 851 3838 7.
872 3765 938 3840 Jan.
958 3769 1040 3838 1617.

236 3852 403 3910 limitarunt
424 3849 514 3904 talem
544 3845 740 3906 facultatem,
767 3839 1040 3897 &declaraverunt

235 3943 286 3982 eos
307 3933 393 3978 extra
413 3921 566 3978 Romam,
597 3914 624 3968 ἃ
644 3915 724 3968 intra
744 3911 863 3967 Italiam
885 3927 944 3969 noti
965 3913 1041 3984 posse

237 3999 389 4055 absolvere
416 3991 568 4048 seculares,
592 4004 608 4040 a
637 3984 746 4039 casibus
773 3983 857 4051 Papae
886 3985 1042 4043 reservatis

205 4084 208 4091 ·
238 4075 269 4127 in
290 4069 377 4126 Bulla
397 4062 527 4127 Coenam
555 4057 622 4114 Nec
652 4059 687 4113 ab
714 4055 780 4138 aliis
809 4055 858 4108 ser
878 4058 1041 4118 celebribus

238 4142 321 4207 illis,
347 4152 451 4206 nempe
473 4128 657 4204 percussionis
675 4129 882 4195 clericorum,
909 4128 1011 4188 Duelli
1032 4171 1041 4200 ,

1088 3173 1206 3236 Prilia.
1229 3175 1306 3244 apud
1326 3174 1426 3246 Vivet,
1447 3179 1473 3236 dt
1495 3179 1566 3238 Brit.
1584 3195 1660 3237 num.
1684 3198 1727 3250 19·
1750 3181 1899 3238 laudatum

1094 3247 1256 3306 Deci-ctum
1279 3249 1364 3305 Pauli
1378 3251 1417 3308 V.
1439 3251 1518 3310 Nam
1535 3252 1697 3323 prohibitio
1718 3253 1758 3310 ibi
1779 3251 1852 3311 sassa
1865 3255 1901 3311 de

1096 3321 1283 3378 absolvendis
1294 3320 1402 3377 casibus
1415 3325 1594 3396 Papalibus,
1614 3325 1739 3382 reses-tut
1767 3327 1805 3382 ad
1823 3327 1904 3399 casus

1094 3395 1124 3450 in
1154 3395 1285 3451 Decreto
1304 3393 1471 3474 Clementis
1491 3397 1582 3456 istit.
1605 3399 1790 3466 reservatos,
1823 3399 1902 3474 quod

1093 3469 1203 3525 Paulus
1216 3467 1255 3524 V.
1277 3465 1301 3520 di
1323 3468 1393 3523 inde
1408 3469 1545 3528 Urbanus
1556 3471 1645 3530 VIII.
1665 3469 1899 3544 confirmarunt,

1093 3540 1119 3596 di
1139 3542 1338 3606 innovarunt,
1359 3554 1391 3596 ut
1411 3543 1543 3600 referunt
1564 3543 1755 3612 BonTVivn,
1776 3547 1832 3606 De.
1851 3545 1898 3606 Ibi

1095 3614 1172 3669 enlm
1205 3626 1320 3670 tantum
1353 3615 1434 3675 casus
1455 3615 1548 3674 Bulla
1575 3615 1696 3686 Coensr,
1729 3615 1830 3677 &alii
1851 3622 1898 3678 seit

1095 3687 1245 3745 enunciari
1267 3689 1386 3758 excepti
1407 3689 1543 3749 suerunt.

1138 3761 1226 3831 Quod
1248 3774 1344 3817 autem
1376 3775 1496 3819 tuentur
1514 3762 1625 3826 Pelliz.
1655 3765 1731 3838 apud
1750 3767 1849 3836 Viva,
1876 3769 1903 3827 dc
1920 3796 1957 3850 97

1095 3835 1216 3908 Radriq.
1238 3834 1313 3908 apud
1326 3834 1425 3906 Potest.
1447 3838 1563 3896 scillcet
1583 3856 1620 3896 cit
1635 3839 1756 3911 prelato
1776 3843 1898 3912 privile·

1095 3912 1144 3983 gio
1166 3907 1242 3980 polle
1263 3909 1431 3980 Regulares
1463 3912 1615 3970 absolvere
1636 3914 1726 3972 eriam
1748 3931 1765 3972 a
1786 3915 1902 3988 Papali·

1096 3987 1147 4040 bus
1168 3999 1220 4053 pro
1234 3983 1298 4040 soro
1320 3979 1377 4038 sori
1391 4019 1399 4048 ,
1421 3987 1529 4044 merito
1541 3986 1643 4058 rejicit
1655 3985 1763 4054 Potessd
1776 4007 1803 4046 n.
1815 3992 1899 4064 3465.

1094 4057 1174 4114 Nam
1197 4071 1233 4110 es
1253 4053 1349 4111 verbis
1371 4057 1547 4131 Privilegii,
1577 4058 1794 4128 Confeffionibss
1813 4065 1902 4119 audi·

1095 4128 1155 4196 ris,
1183 4138 1271 4200 atque
1292 4127 1497 4187 Paenitentiam
1523 4135 1689 4200 insererem
1707 4132 1899 4210 injungendi,

238 4211 422 4276 violationis
443 4206 666 4275 Immunitatis,
693 4200 879 4263 Violationis
897 4202 1043 4261 Clauliita
1094 4201 1164 4258 satis
1195 4198 1304 4260 cunllat
1332 4201 1506 4263 facultatem
1536 4225 1589 4280 pre
1619 4207 1679 4264 solo
1700 4207 1766 4262 soro
1786 4209 1904 4271 interno

238 4288 419 4348 Monialiutn
441 4284 477 4339 ad
498 4283 608 4338 malum
630 4279 738 4343 finem,
769 4276 905 4332 simonia
926 4280 1042 4350 realis,
1095 4273 1151 4332 else
1171 4275 1356 4334 concessam.
1450 4309 1459 4314 ·
1894 4345 1898 4352 .

239 4365 265 4420 st
285 4360 420 4422 Simonias
438 4354 658 4414 confidentlalis
679 4357 709 4413 in
731 4347 891 4410 Beneficiis
910 4351 1043 4422 (Decre.
1133 4349 1294 4408 Dubitatut
1313 4369 1339 4408 2.
1362 4369 1398 4410 an
1412 4353 1557 4428 Religiosi
1578 4352 1680 4429 possint
1699 4353 1851 4418 absolvere
1862 4357 1900 4418 se·
1922 4361 1960 4436 98

240 4451 304 4494 ,um
324 4434 490 4492 cremensis
523 4432 553 4485 iii
573 4430 722 4487 extensam
743 4427 836 4482 refert
855 4423 891 4484 P.
910 4425 1044 4484 Milanre
1096 4426 1249 4482 culatesa
1276 4424 1385 4484 cafibus
1418 4431 1454 4487 ab
1475 4431 1627 4502 Episcopls
1656 4431 1706 4489 sibi
1736 4431 1904 4504 specialiter

1096 4499 1274 4559 reservastis
1305 4499 1501 4561 Affirmarunt
1534 4503 1800 4566 susstinens.
1828 4511 1905 4580 apud

1097 4573 1191 4631 sarm.
1215 4575 1248 4627 de
1259 4576 1332 4639 cens.
1354 4589 1377 4633 c.
1390 4593 1415 4633 e.
1437 4599 1464 4635 n.
1475 4591 1520 4650 40.
1533 4578 1648 4648 Ratio,
1669 4581 1738 4654 quia
1748 4581 1797 4652 qui
1807 4579 1904 4650 'potest

1100 4645 1197 4720 majus
1217 4649 1364 4730 (nempe
1376 4650 1527 4707 absolvere
1549 4669 1565 4708 a
1586 4654 1789 4726 Papilibus),
1809 4653 1905 4782 potest

1098 4722 1189 4776 etiam
1213 4733 1328 4787 minus,
1349 4725 1410 4780 lcil.
1434 4725 1584 4782 absolvere
1606 4730 1640 4785 ab
1661 4725 1805 4798 Episcopi
1822 4728 1905 4790 ibus.

1098 4793 1138 4848 Er
1170 4793 1242 4848 liuic
1274 4797 1407 4866 opinioni
1440 4798 1621 4859 inclinarunt
1653 4796 1775 4870 Rodriq.
1796 4799 1907 4878 Quint.

1098 4866 1194 4920 cens.
1214 4862 1269 4948 dte.
1297 4868 1373 4940 apud
1407 4871 1484 4928 Viva
1504 4870 1537 4930 r'n
1558 4877 1587 4934 d.
1602 4887 1684 4948 prop.
1708 4889 1751 4931 tt.
1772 4893 1800 4930 n.
1817 4893 1847 4946 4.
1867 4877 1905 4933 ob

1097 4937 1258 5020 privilegia
1278 4941 1393 5014 postea,
1413 4943 1560 5005 &iterum
1575 4947 1775 5020 Regulatibus
1787 4947 1905 5007 conces-

1098 5018 1148 5070 la.
1176 5011 1243 5068 Nec
1263 5014 1373 5074 obstate
1402 5021 1541 5079 dicebant
1563 5019 1723 5080 Decretum
1744 5019 1772 5079 S.
1792 5019 1857 5080 Con
1883 5041 1907 5082 r.

1098 5085 1134 5140 ile
1163 5087 1303 5146 mandato
1323 5089 1490 5152 Clementis
1511 5093 1601 5154 VllI.
1633 5091 1793 5153 &Urbani
1814 5040 1906 5156 vlit.

1097 5176 1163 5242 cum
1194 5163 1269 5219 talia
1300 5163 1429 5222 Decreta
1462 5185 1519 5226 non
1549 5171 1677 5228 babeant
1709 5167 1770 5225 vim
1799 5167 1905 5238 legis.

241 5248 353 5301 sisinum
373 5261 421 5298 nec
441 5243 561 5297 indulta
580 5238 749 5306 absolvendi
768 5235 913 5302 acasius
933 5251 1044 5294 consen·
1096 5231 1156 5290 Hit
1187 5247 1285 5291 tamen
1318 5251 1376 5292 non
1406 5240 1616 5312 obstantibus,
1652 5241 1774 5301 omnino
1806 5253 1910 5298 tenen-

238 5319 280 5380 ω
299 5311 343 5373 'in
364 5317 477 5384 tristia,
506 5331 566 5385 qun
585 5316 616 5369 in
644 5312 691 5370 die
717 5311 809 5367 Cerne
838 5305 958 5365 Domini
985 5311 1046 5388 legi
1098 5307 1167 5365 ilum
1189 5306 1228 5365 eli
1247 5311 1430 5387 oppositum,
1459 5331 1526 5378 cum
1555 5319 1675 5391 prelata
1694 5315 1911 5398 Decretalfue·

1815 5403 1904 5460 rint,

243 4512 275 4567 in
291 4522 372 4582 prop.
385 4525 428 4564 iz.
447 4508 535 4564 Alex.
556 4499 617 4558 Vll.
639 4520 696 4560 r.1.
713 4520 743 4574 p.
756 4503 803 4569 98.
817 4519 830 4567 ;
846 4501 913 4558 Nec
935 4499 1044 4573 pariter

192 4598 199 4604 '
240 4605 258 4643 a
279 4581 389 4641 casibus
401 4596 474 4655 quos
494 4575 644 4634 Ordinarii
660 4577 708 4632 libi
732 4576 901 4632 reservant.
954 4576 1045 4633 Dein-

240 4663 278 4718 de
305 4657 334 4716 S.
353 4655 500 4726 Congrcg.
527 4651 563 4707 de
593 4649 736 4706 mandato
755 4645 866 4717 Urbani
889 4648 916 4703 V
937 4649 978 4708 Il.
1000 4671 1044 4724 ¹7·

229 4733 328 4792 -Νον,
352 4733 434 4799 ides.
452 4727 489 4783 sic
508 4724 652 4782 sancivit:
673 4721 727 4778 Per
745 4722 967 4791 confirmationes
982 4727 1045 4796 pri.

242 4804 435 4878 esilegioenm,
467 4819 540 4872 quas
559 4799 719 4879 Regnlrtes
750 4815 768 4848 a
793 4796 863 4860 sede
882 4796 1045 4868 Apostolica

232 4881 297 4953 -pes
313 4882 429 4945 facerim
442 4877 528 4932 Cone.
540 4872 628 4929 Trid.
646 4871 846 4933 obtinuerunt,
866 4873 1045 4940 nequiquam

244 4942 377 5020 s·:us'xi'ffe
393 4945 561 5022 privilegia
576 4944 663 5018 prins
680 4945 716 4998 ab
734 4944 827 5022 eodeni
839 4942 989 5024 Consiliis,
1010 4964 1045 5000 nc

245 5026 348 5080 deinde
367 5024 456 5079 etism
483 5020 573 5094 ipfius
591 5016 827 5090 congregationis
845 5015 979 5070 Decretis
993 5019 1044 5081 su·

158 5111 161 5115 ’
244 5104 345 5164 olere,
364 5114 449 5166 seqare
468 5094 616 5160 seriniis,
637 5091 666 5172 fi¹
680 5107 741 5162 que
768 5089 927 5170 debriant,
954 5091 1044 5156 absos·

240 5171 332 5228 rendi
351 5191 370 5224 a
399 5169 507 5239 cafibas
526 5166 683 5225 Ordinatio
701 5165 855 5228 reserveris
866 5181 878 5226 ,¹
908 5165 1044 5231 quemod-
